%YAML 1.1
%TAG !u! tag:unity3d.com,2011:
--- !u!1 &985771188896365286
GameObject:
  m_ObjectHideFlags: 0
  m_CorrespondingSourceObject: {fileID: 0}
  m_PrefabInstance: {fileID: 0}
  m_PrefabAsset: {fileID: 0}
  serializedVersion: 6
  m_Component:
  - component: {fileID: 985771188896365306}
  - component: {fileID: 985771188896365285}
  - component: {fileID: 985771188896365284}
  - component: {fileID: 985771188896365287}
  - component: {fileID: 4577680965955312441}
  - component: {fileID: 451484280927909192}
  m_Layer: 0
  m_Name: Warning
  m_TagString: Untagged
  m_Icon: {fileID: 0}
  m_NavMeshLayer: 0
  m_StaticEditorFlags: 0
  m_IsActive: 1
--- !u!4 &985771188896365306
Transform:
  m_ObjectHideFlags: 0
  m_CorrespondingSourceObject: {fileID: 0}
  m_PrefabInstance: {fileID: 0}
  m_PrefabAsset: {fileID: 0}
  m_GameObject: {fileID: 985771188896365286}
  m_LocalRotation: {x: -0, y: -0, z: -0, w: 1}
  m_LocalPosition: {x: 0, y: 0.05, z: 0}
  m_LocalScale: {x: 5, y: 5, z: 5}
  m_Children:
  - {fileID: 6482107631087830845}
  - {fileID: 771344201928664039}
  m_Father: {fileID: 0}
  m_RootOrder: 0
  m_LocalEulerAnglesHint: {x: 0, y: 0, z: 0}
--- !u!23 &985771188896365285
MeshRenderer:
  m_ObjectHideFlags: 0
  m_CorrespondingSourceObject: {fileID: 0}
  m_PrefabInstance: {fileID: 0}
  m_PrefabAsset: {fileID: 0}
  m_GameObject: {fileID: 985771188896365286}
  m_Enabled: 1
  m_CastShadows: 0
  m_ReceiveShadows: 1
  m_DynamicOccludee: 1
  m_MotionVectors: 1
  m_LightProbeUsage: 0
  m_ReflectionProbeUsage: 1
  m_RayTracingMode: 2
  m_RenderingLayerMask: 1
  m_RendererPriority: 0
  m_Materials:
  - {fileID: 2100000, guid: 78f7ffa483df9624c8b6c1ad80af9aee, type: 2}
  m_StaticBatchInfo:
    firstSubMesh: 0
    subMeshCount: 0
  m_StaticBatchRoot: {fileID: 0}
  m_ProbeAnchor: {fileID: 0}
  m_LightProbeVolumeOverride: {fileID: 0}
  m_ScaleInLightmap: 1
  m_ReceiveGI: 1
  m_PreserveUVs: 0
  m_IgnoreNormalsForChartDetection: 0
  m_ImportantGI: 0
  m_StitchLightmapSeams: 1
  m_SelectedEditorRenderState: 3
  m_MinimumChartSize: 4
  m_AutoUVMaxDistance: 0.5
  m_AutoUVMaxAngle: 89
  m_LightmapParameters: {fileID: 0}
  m_SortingLayerID: 0
  m_SortingLayer: 0
  m_SortingOrder: 0
--- !u!33 &985771188896365284
MeshFilter:
  m_ObjectHideFlags: 0
  m_CorrespondingSourceObject: {fileID: 0}
  m_PrefabInstance: {fileID: 0}
  m_PrefabAsset: {fileID: 0}
  m_GameObject: {fileID: 985771188896365286}
  m_Mesh: {fileID: 4300000, guid: 08d940d0f7c356c449466b2f07ed8d78, type: 3}
--- !u!114 &985771188896365287
MonoBehaviour:
  m_ObjectHideFlags: 0
  m_CorrespondingSourceObject: {fileID: 0}
  m_PrefabInstance: {fileID: 0}
  m_PrefabAsset: {fileID: 0}
  m_GameObject: {fileID: 985771188896365286}
  m_Enabled: 1
  m_EditorHideFlags: 0
  m_Script: {fileID: 11500000, guid: 4ba6333f18a2fea44b083d2a032b9a74, type: 3}
  m_Name: 
  m_EditorClassIdentifier: 
  _distance: 5
  _time: 1
  _playForEffect: {fileID: 771344201928664036}
  _manualParticleSystems: []
--- !u!135 &4577680965955312441
SphereCollider:
  m_ObjectHideFlags: 0
  m_CorrespondingSourceObject: {fileID: 0}
  m_PrefabInstance: {fileID: 0}
  m_PrefabAsset: {fileID: 0}
  m_GameObject: {fileID: 985771188896365286}
  m_Material: {fileID: 0}
  m_IsTrigger: 1
  m_Enabled: 0
  serializedVersion: 2
  m_Radius: 0.9799514
  m_Center: {x: 0, y: 0.00000032878998, z: 0.0000002682209}
--- !u!114 &451484280927909192
MonoBehaviour:
  m_ObjectHideFlags: 0
  m_CorrespondingSourceObject: {fileID: 0}
  m_PrefabInstance: {fileID: 0}
  m_PrefabAsset: {fileID: 0}
  m_GameObject: {fileID: 985771188896365286}
  m_Enabled: 1
  m_EditorHideFlags: 0
  m_Script: {fileID: 11500000, guid: fcfe72117a8ba7c48b2dcf31d19d42d2, type: 3}
  m_Name: 
  m_EditorClassIdentifier: 
  _attackedPlayer: []
  _attackPower: 2
  _ccType:
    Stun: 0
    Push: 0
    Slow: 0
  _ccLevel:
    Stun: 0
    Push: 0
    Slow: 0
--- !u!1 &2715349873457064744
GameObject:
  m_ObjectHideFlags: 0
  m_CorrespondingSourceObject: {fileID: 0}
  m_PrefabInstance: {fileID: 0}
  m_PrefabAsset: {fileID: 0}
  serializedVersion: 6
  m_Component:
  - component: {fileID: 6482107631087830845}
  - component: {fileID: 2975147045656780883}
  - component: {fileID: 7781332642567226786}
  m_Layer: 0
  m_Name: Warning
  m_TagString: Untagged
  m_Icon: {fileID: 0}
  m_NavMeshLayer: 0
  m_StaticEditorFlags: 0
  m_IsActive: 1
--- !u!4 &6482107631087830845
Transform:
  m_ObjectHideFlags: 0
  m_CorrespondingSourceObject: {fileID: 0}
  m_PrefabInstance: {fileID: 0}
  m_PrefabAsset: {fileID: 0}
  m_GameObject: {fileID: 2715349873457064744}
  m_LocalRotation: {x: -0, y: -0, z: -0, w: 1}
  m_LocalPosition: {x: 0, y: 0.01, z: 0}
  m_LocalScale: {x: 0, y: 1, z: 0}
  m_Children: []
  m_Father: {fileID: 985771188896365306}
  m_RootOrder: 0
  m_LocalEulerAnglesHint: {x: 0, y: 0, z: 0}
--- !u!23 &2975147045656780883
MeshRenderer:
  m_ObjectHideFlags: 0
  m_CorrespondingSourceObject: {fileID: 0}
  m_PrefabInstance: {fileID: 0}
  m_PrefabAsset: {fileID: 0}
  m_GameObject: {fileID: 2715349873457064744}
  m_Enabled: 1
  m_CastShadows: 0
  m_ReceiveShadows: 1
  m_DynamicOccludee: 1
  m_MotionVectors: 1
  m_LightProbeUsage: 0
  m_ReflectionProbeUsage: 1
  m_RayTracingMode: 2
  m_RenderingLayerMask: 1
  m_RendererPriority: 0
  m_Materials:
  - {fileID: 2100000, guid: 7426cf60ee96d26429ea18ca09a3885c, type: 2}
  m_StaticBatchInfo:
    firstSubMesh: 0
    subMeshCount: 0
  m_StaticBatchRoot: {fileID: 0}
  m_ProbeAnchor: {fileID: 0}
  m_LightProbeVolumeOverride: {fileID: 0}
  m_ScaleInLightmap: 1
  m_ReceiveGI: 1
  m_PreserveUVs: 0
  m_IgnoreNormalsForChartDetection: 0
  m_ImportantGI: 0
  m_StitchLightmapSeams: 1
  m_SelectedEditorRenderState: 3
  m_MinimumChartSize: 4
  m_AutoUVMaxDistance: 0.5
  m_AutoUVMaxAngle: 89
  m_LightmapParameters: {fileID: 0}
  m_SortingLayerID: 0
  m_SortingLayer: 0
  m_SortingOrder: 0
--- !u!33 &7781332642567226786
MeshFilter:
  m_ObjectHideFlags: 0
  m_CorrespondingSourceObject: {fileID: 0}
  m_PrefabInstance: {fileID: 0}
  m_PrefabAsset: {fileID: 0}
  m_GameObject: {fileID: 2715349873457064744}
  m_Mesh: {fileID: 4300000, guid: 08d940d0f7c356c449466b2f07ed8d78, type: 3}
--- !u!1001 &7290364988818453789
PrefabInstance:
  m_ObjectHideFlags: 0
  serializedVersion: 2
  m_Modification:
    m_TransformParent: {fileID: 985771188896365306}
    m_Modifications:
    - target: {fileID: 8041398289097170633, guid: fe99552e0aee0b14390ce2f18005ff77,
        type: 3}
      propertyPath: InitialModule.rotation3D
      value: 0
      objectReference: {fileID: 0}
    - target: {fileID: 8041398289097170633, guid: fe99552e0aee0b14390ce2f18005ff77,
        type: 3}
      propertyPath: InitialModule.startSize.scalar
      value: 0.1
      objectReference: {fileID: 0}
    - target: {fileID: 8041398290370270951, guid: fe99552e0aee0b14390ce2f18005ff77,
        type: 3}
      propertyPath: m_Name
      value: ScreamEffect
      objectReference: {fileID: 0}
    - target: {fileID: 8041398290370270951, guid: fe99552e0aee0b14390ce2f18005ff77,
        type: 3}
      propertyPath: m_IsActive
      value: 0
      objectReference: {fileID: 0}
    - target: {fileID: 8041398290370270969, guid: fe99552e0aee0b14390ce2f18005ff77,
        type: 3}
      propertyPath: InitialModule.startSize.scalar
      value: 0
      objectReference: {fileID: 0}
    - target: {fileID: 8041398290370270970, guid: fe99552e0aee0b14390ce2f18005ff77,
        type: 3}
      propertyPath: m_LocalPosition.x
      value: 0
      objectReference: {fileID: 0}
    - target: {fileID: 8041398290370270970, guid: fe99552e0aee0b14390ce2f18005ff77,
        type: 3}
      propertyPath: m_LocalPosition.y
      value: 0.10000038
      objectReference: {fileID: 0}
    - target: {fileID: 8041398290370270970, guid: fe99552e0aee0b14390ce2f18005ff77,
        type: 3}
      propertyPath: m_LocalPosition.z
      value: 0
      objectReference: {fileID: 0}
    - target: {fileID: 8041398290370270970, guid: fe99552e0aee0b14390ce2f18005ff77,
        type: 3}
      propertyPath: m_LocalRotation.x
      value: -0
      objectReference: {fileID: 0}
    - target: {fileID: 8041398290370270970, guid: fe99552e0aee0b14390ce2f18005ff77,
        type: 3}
      propertyPath: m_LocalRotation.y
      value: -0
      objectReference: {fileID: 0}
    - target: {fileID: 8041398290370270970, guid: fe99552e0aee0b14390ce2f18005ff77,
        type: 3}
      propertyPath: m_LocalRotation.z
      value: -0
      objectReference: {fileID: 0}
    - target: {fileID: 8041398290370270970, guid: fe99552e0aee0b14390ce2f18005ff77,
        type: 3}
      propertyPath: m_LocalRotation.w
      value: 1
      objectReference: {fileID: 0}
    - target: {fileID: 8041398290370270970, guid: fe99552e0aee0b14390ce2f18005ff77,
        type: 3}
      propertyPath: m_RootOrder
      value: 1
      objectReference: {fileID: 0}
    - target: {fileID: 8041398290370270970, guid: fe99552e0aee0b14390ce2f18005ff77,
        type: 3}
      propertyPath: m_LocalEulerAnglesHint.x
      value: 0
      objectReference: {fileID: 0}
    - target: {fileID: 8041398290370270970, guid: fe99552e0aee0b14390ce2f18005ff77,
        type: 3}
      propertyPath: m_LocalEulerAnglesHint.y
      value: 0
      objectReference: {fileID: 0}
    - target: {fileID: 8041398290370270970, guid: fe99552e0aee0b14390ce2f18005ff77,
        type: 3}
      propertyPath: m_LocalEulerAnglesHint.z
      value: 0
      objectReference: {fileID: 0}
    m_RemovedComponents: []
  m_SourcePrefab: {fileID: 100100000, guid: fe99552e0aee0b14390ce2f18005ff77, type: 3}
--- !u!4 &771344201928664039 stripped
Transform:
  m_CorrespondingSourceObject: {fileID: 8041398290370270970, guid: fe99552e0aee0b14390ce2f18005ff77,
    type: 3}
  m_PrefabInstance: {fileID: 7290364988818453789}
  m_PrefabAsset: {fileID: 0}
--- !u!198 &771344201928664036 stripped
ParticleSystem:
  m_CorrespondingSourceObject: {fileID: 8041398290370270969, guid: fe99552e0aee0b14390ce2f18005ff77,
    type: 3}
  m_PrefabInstance: {fileID: 7290364988818453789}
  m_PrefabAsset: {fileID: 0}
