%YAML 1.1
%TAG !u! tag:unity3d.com,2011:
--- !u!1 &8480352435405581511
GameObject:
  m_ObjectHideFlags: 0
  m_CorrespondingSourceObject: {fileID: 0}
  m_PrefabInstance: {fileID: 0}
  m_PrefabAsset: {fileID: 0}
  serializedVersion: 6
  m_Component:
  - component: {fileID: 5451801918197261279}
  m_Layer: 0
  m_Name: 48x48Tile
  m_TagString: Untagged
  m_Icon: {fileID: 0}
  m_NavMeshLayer: 0
  m_StaticEditorFlags: 0
  m_IsActive: 1
--- !u!4 &5451801918197261279
Transform:
  m_ObjectHideFlags: 0
  m_CorrespondingSourceObject: {fileID: 0}
  m_PrefabInstance: {fileID: 0}
  m_PrefabAsset: {fileID: 0}
  m_GameObject: {fileID: 8480352435405581511}
  m_LocalRotation: {x: 0, y: 0, z: 0, w: 1}
  m_LocalPosition: {x: 0, y: 0, z: 0}
  m_LocalScale: {x: 1, y: 1, z: 1}
  m_Children:
  - {fileID: 2477555806554228600}
  - {fileID: 5369585966077865336}
  - {fileID: 5802193585663024175}
  - {fileID: 5778575781553260816}
  - {fileID: 2045641517813721228}
  - {fileID: 8271054695850470362}
  - {fileID: 3934806104661449370}
  - {fileID: 3198554684908233813}
  - {fileID: 8228725512592250392}
  m_Father: {fileID: 0}
  m_RootOrder: 0
  m_LocalEulerAnglesHint: {x: 0, y: 0, z: 0}
--- !u!1001 &577475012809409351
PrefabInstance:
  m_ObjectHideFlags: 0
  serializedVersion: 2
  m_Modification:
    m_TransformParent: {fileID: 5451801918197261279}
    m_Modifications:
    - target: {fileID: 4785905987386423568, guid: 7d5d799692605864d88c481419730138,
        type: 3}
      propertyPath: m_Name
      value: 16x16NormalRoomTile (2)
      objectReference: {fileID: 0}
    - target: {fileID: 6378805875734601576, guid: 7d5d799692605864d88c481419730138,
        type: 3}
      propertyPath: m_LocalPosition.x
      value: 128
      objectReference: {fileID: 0}
    - target: {fileID: 6378805875734601576, guid: 7d5d799692605864d88c481419730138,
        type: 3}
      propertyPath: m_LocalPosition.y
      value: 0
      objectReference: {fileID: 0}
    - target: {fileID: 6378805875734601576, guid: 7d5d799692605864d88c481419730138,
        type: 3}
      propertyPath: m_LocalPosition.z
      value: 0
      objectReference: {fileID: 0}
    - target: {fileID: 6378805875734601576, guid: 7d5d799692605864d88c481419730138,
        type: 3}
      propertyPath: m_LocalRotation.x
      value: 0
      objectReference: {fileID: 0}
    - target: {fileID: 6378805875734601576, guid: 7d5d799692605864d88c481419730138,
        type: 3}
      propertyPath: m_LocalRotation.y
      value: 0
      objectReference: {fileID: 0}
    - target: {fileID: 6378805875734601576, guid: 7d5d799692605864d88c481419730138,
        type: 3}
      propertyPath: m_LocalRotation.z
      value: 0
      objectReference: {fileID: 0}
    - target: {fileID: 6378805875734601576, guid: 7d5d799692605864d88c481419730138,
        type: 3}
      propertyPath: m_LocalRotation.w
      value: 1
      objectReference: {fileID: 0}
    - target: {fileID: 6378805875734601576, guid: 7d5d799692605864d88c481419730138,
        type: 3}
      propertyPath: m_RootOrder
      value: 2
      objectReference: {fileID: 0}
    - target: {fileID: 6378805875734601576, guid: 7d5d799692605864d88c481419730138,
        type: 3}
      propertyPath: m_LocalEulerAnglesHint.x
      value: 0
      objectReference: {fileID: 0}
    - target: {fileID: 6378805875734601576, guid: 7d5d799692605864d88c481419730138,
        type: 3}
      propertyPath: m_LocalEulerAnglesHint.y
      value: 0
      objectReference: {fileID: 0}
    - target: {fileID: 6378805875734601576, guid: 7d5d799692605864d88c481419730138,
        type: 3}
      propertyPath: m_LocalEulerAnglesHint.z
      value: 0
      objectReference: {fileID: 0}
    m_RemovedComponents: []
  m_SourcePrefab: {fileID: 100100000, guid: 7d5d799692605864d88c481419730138, type: 3}
--- !u!4 &5802193585663024175 stripped
Transform:
  m_CorrespondingSourceObject: {fileID: 6378805875734601576, guid: 7d5d799692605864d88c481419730138,
    type: 3}
  m_PrefabInstance: {fileID: 577475012809409351}
  m_PrefabAsset: {fileID: 0}
--- !u!1001 &628166572229105272
PrefabInstance:
  m_ObjectHideFlags: 0
  serializedVersion: 2
  m_Modification:
    m_TransformParent: {fileID: 5451801918197261279}
    m_Modifications:
    - target: {fileID: 4785905987386423568, guid: 7d5d799692605864d88c481419730138,
        type: 3}
      propertyPath: m_Name
      value: 16x16NormalRoomTile (3)
      objectReference: {fileID: 0}
    - target: {fileID: 6378805875734601576, guid: 7d5d799692605864d88c481419730138,
        type: 3}
      propertyPath: m_LocalPosition.x
      value: 0
      objectReference: {fileID: 0}
    - target: {fileID: 6378805875734601576, guid: 7d5d799692605864d88c481419730138,
        type: 3}
      propertyPath: m_LocalPosition.y
      value: 0
      objectReference: {fileID: 0}
    - target: {fileID: 6378805875734601576, guid: 7d5d799692605864d88c481419730138,
        type: 3}
      propertyPath: m_LocalPosition.z
      value: 64
      objectReference: {fileID: 0}
    - target: {fileID: 6378805875734601576, guid: 7d5d799692605864d88c481419730138,
        type: 3}
      propertyPath: m_LocalRotation.x
      value: 0
      objectReference: {fileID: 0}
    - target: {fileID: 6378805875734601576, guid: 7d5d799692605864d88c481419730138,
        type: 3}
      propertyPath: m_LocalRotation.y
      value: 0
      objectReference: {fileID: 0}
    - target: {fileID: 6378805875734601576, guid: 7d5d799692605864d88c481419730138,
        type: 3}
      propertyPath: m_LocalRotation.z
      value: 0
      objectReference: {fileID: 0}
    - target: {fileID: 6378805875734601576, guid: 7d5d799692605864d88c481419730138,
        type: 3}
      propertyPath: m_LocalRotation.w
      value: 1
      objectReference: {fileID: 0}
    - target: {fileID: 6378805875734601576, guid: 7d5d799692605864d88c481419730138,
        type: 3}
      propertyPath: m_RootOrder
      value: 3
      objectReference: {fileID: 0}
    - target: {fileID: 6378805875734601576, guid: 7d5d799692605864d88c481419730138,
        type: 3}
      propertyPath: m_LocalEulerAnglesHint.x
      value: 0
      objectReference: {fileID: 0}
    - target: {fileID: 6378805875734601576, guid: 7d5d799692605864d88c481419730138,
        type: 3}
      propertyPath: m_LocalEulerAnglesHint.y
      value: 0
      objectReference: {fileID: 0}
    - target: {fileID: 6378805875734601576, guid: 7d5d799692605864d88c481419730138,
        type: 3}
      propertyPath: m_LocalEulerAnglesHint.z
      value: 0
      objectReference: {fileID: 0}
    m_RemovedComponents: []
  m_SourcePrefab: {fileID: 100100000, guid: 7d5d799692605864d88c481419730138, type: 3}
--- !u!4 &5778575781553260816 stripped
Transform:
  m_CorrespondingSourceObject: {fileID: 6378805875734601576, guid: 7d5d799692605864d88c481419730138,
    type: 3}
  m_PrefabInstance: {fileID: 628166572229105272}
  m_PrefabAsset: {fileID: 0}
--- !u!1001 &1297753408516370960
PrefabInstance:
  m_ObjectHideFlags: 0
  serializedVersion: 2
  m_Modification:
    m_TransformParent: {fileID: 5451801918197261279}
    m_Modifications:
    - target: {fileID: 4785905987386423568, guid: 7d5d799692605864d88c481419730138,
        type: 3}
      propertyPath: m_Name
      value: 16x16NormalRoomTile (1)
      objectReference: {fileID: 0}
    - target: {fileID: 6378805875734601576, guid: 7d5d799692605864d88c481419730138,
        type: 3}
      propertyPath: m_LocalPosition.x
      value: 64
      objectReference: {fileID: 0}
    - target: {fileID: 6378805875734601576, guid: 7d5d799692605864d88c481419730138,
        type: 3}
      propertyPath: m_LocalPosition.y
      value: 0
      objectReference: {fileID: 0}
    - target: {fileID: 6378805875734601576, guid: 7d5d799692605864d88c481419730138,
        type: 3}
      propertyPath: m_LocalPosition.z
      value: 0
      objectReference: {fileID: 0}
    - target: {fileID: 6378805875734601576, guid: 7d5d799692605864d88c481419730138,
        type: 3}
      propertyPath: m_LocalRotation.x
      value: 0
      objectReference: {fileID: 0}
    - target: {fileID: 6378805875734601576, guid: 7d5d799692605864d88c481419730138,
        type: 3}
      propertyPath: m_LocalRotation.y
      value: 0
      objectReference: {fileID: 0}
    - target: {fileID: 6378805875734601576, guid: 7d5d799692605864d88c481419730138,
        type: 3}
      propertyPath: m_LocalRotation.z
      value: 0
      objectReference: {fileID: 0}
    - target: {fileID: 6378805875734601576, guid: 7d5d799692605864d88c481419730138,
        type: 3}
      propertyPath: m_LocalRotation.w
      value: 1
      objectReference: {fileID: 0}
    - target: {fileID: 6378805875734601576, guid: 7d5d799692605864d88c481419730138,
        type: 3}
      propertyPath: m_RootOrder
      value: 1
      objectReference: {fileID: 0}
    - target: {fileID: 6378805875734601576, guid: 7d5d799692605864d88c481419730138,
        type: 3}
      propertyPath: m_LocalEulerAnglesHint.x
      value: 0
      objectReference: {fileID: 0}
    - target: {fileID: 6378805875734601576, guid: 7d5d799692605864d88c481419730138,
        type: 3}
      propertyPath: m_LocalEulerAnglesHint.y
      value: 0
      objectReference: {fileID: 0}
    - target: {fileID: 6378805875734601576, guid: 7d5d799692605864d88c481419730138,
        type: 3}
      propertyPath: m_LocalEulerAnglesHint.z
      value: 0
      objectReference: {fileID: 0}
    m_RemovedComponents: []
  m_SourcePrefab: {fileID: 100100000, guid: 7d5d799692605864d88c481419730138, type: 3}
--- !u!4 &5369585966077865336 stripped
Transform:
  m_CorrespondingSourceObject: {fileID: 6378805875734601576, guid: 7d5d799692605864d88c481419730138,
    type: 3}
  m_PrefabInstance: {fileID: 1297753408516370960}
  m_PrefabAsset: {fileID: 0}
--- !u!1001 &3048552433495815346
PrefabInstance:
  m_ObjectHideFlags: 0
  serializedVersion: 2
  m_Modification:
    m_TransformParent: {fileID: 5451801918197261279}
    m_Modifications:
    - target: {fileID: 4785905987386423568, guid: 7d5d799692605864d88c481419730138,
        type: 3}
      propertyPath: m_Name
      value: 16x16NormalRoomTile (5)
      objectReference: {fileID: 0}
    - target: {fileID: 6378805875734601576, guid: 7d5d799692605864d88c481419730138,
        type: 3}
      propertyPath: m_LocalPosition.x
      value: 64
      objectReference: {fileID: 0}
    - target: {fileID: 6378805875734601576, guid: 7d5d799692605864d88c481419730138,
        type: 3}
      propertyPath: m_LocalPosition.y
      value: 0
      objectReference: {fileID: 0}
    - target: {fileID: 6378805875734601576, guid: 7d5d799692605864d88c481419730138,
        type: 3}
      propertyPath: m_LocalPosition.z
      value: 64
      objectReference: {fileID: 0}
    - target: {fileID: 6378805875734601576, guid: 7d5d799692605864d88c481419730138,
        type: 3}
      propertyPath: m_LocalRotation.x
      value: 0
      objectReference: {fileID: 0}
    - target: {fileID: 6378805875734601576, guid: 7d5d799692605864d88c481419730138,
        type: 3}
      propertyPath: m_LocalRotation.y
      value: 0
      objectReference: {fileID: 0}
    - target: {fileID: 6378805875734601576, guid: 7d5d799692605864d88c481419730138,
        type: 3}
      propertyPath: m_LocalRotation.z
      value: 0
      objectReference: {fileID: 0}
    - target: {fileID: 6378805875734601576, guid: 7d5d799692605864d88c481419730138,
        type: 3}
      propertyPath: m_LocalRotation.w
      value: 1
      objectReference: {fileID: 0}
    - target: {fileID: 6378805875734601576, guid: 7d5d799692605864d88c481419730138,
        type: 3}
      propertyPath: m_RootOrder
      value: 5
      objectReference: {fileID: 0}
    - target: {fileID: 6378805875734601576, guid: 7d5d799692605864d88c481419730138,
        type: 3}
      propertyPath: m_LocalEulerAnglesHint.x
      value: 0
      objectReference: {fileID: 0}
    - target: {fileID: 6378805875734601576, guid: 7d5d799692605864d88c481419730138,
        type: 3}
      propertyPath: m_LocalEulerAnglesHint.y
      value: 0
      objectReference: {fileID: 0}
    - target: {fileID: 6378805875734601576, guid: 7d5d799692605864d88c481419730138,
        type: 3}
      propertyPath: m_LocalEulerAnglesHint.z
      value: 0
      objectReference: {fileID: 0}
    m_RemovedComponents: []
  m_SourcePrefab: {fileID: 100100000, guid: 7d5d799692605864d88c481419730138, type: 3}
--- !u!4 &8271054695850470362 stripped
Transform:
  m_CorrespondingSourceObject: {fileID: 6378805875734601576, guid: 7d5d799692605864d88c481419730138,
    type: 3}
  m_PrefabInstance: {fileID: 3048552433495815346}
  m_PrefabAsset: {fileID: 0}
--- !u!1001 &3077186031143127408
PrefabInstance:
  m_ObjectHideFlags: 0
  serializedVersion: 2
  m_Modification:
    m_TransformParent: {fileID: 5451801918197261279}
    m_Modifications:
    - target: {fileID: 4785905987386423568, guid: 7d5d799692605864d88c481419730138,
        type: 3}
      propertyPath: m_Name
      value: 16x16NormalRoomTile (8)
      objectReference: {fileID: 0}
    - target: {fileID: 6378805875734601576, guid: 7d5d799692605864d88c481419730138,
        type: 3}
      propertyPath: m_LocalPosition.x
      value: 128
      objectReference: {fileID: 0}
    - target: {fileID: 6378805875734601576, guid: 7d5d799692605864d88c481419730138,
        type: 3}
      propertyPath: m_LocalPosition.y
      value: 0
      objectReference: {fileID: 0}
    - target: {fileID: 6378805875734601576, guid: 7d5d799692605864d88c481419730138,
        type: 3}
      propertyPath: m_LocalPosition.z
      value: 128
      objectReference: {fileID: 0}
    - target: {fileID: 6378805875734601576, guid: 7d5d799692605864d88c481419730138,
        type: 3}
      propertyPath: m_LocalRotation.x
      value: 0
      objectReference: {fileID: 0}
    - target: {fileID: 6378805875734601576, guid: 7d5d799692605864d88c481419730138,
        type: 3}
      propertyPath: m_LocalRotation.y
      value: 0
      objectReference: {fileID: 0}
    - target: {fileID: 6378805875734601576, guid: 7d5d799692605864d88c481419730138,
        type: 3}
      propertyPath: m_LocalRotation.z
      value: 0
      objectReference: {fileID: 0}
    - target: {fileID: 6378805875734601576, guid: 7d5d799692605864d88c481419730138,
        type: 3}
      propertyPath: m_LocalRotation.w
      value: 1
      objectReference: {fileID: 0}
    - target: {fileID: 6378805875734601576, guid: 7d5d799692605864d88c481419730138,
        type: 3}
      propertyPath: m_RootOrder
      value: 8
      objectReference: {fileID: 0}
    - target: {fileID: 6378805875734601576, guid: 7d5d799692605864d88c481419730138,
        type: 3}
      propertyPath: m_LocalEulerAnglesHint.x
      value: 0
      objectReference: {fileID: 0}
    - target: {fileID: 6378805875734601576, guid: 7d5d799692605864d88c481419730138,
        type: 3}
      propertyPath: m_LocalEulerAnglesHint.y
      value: 0
      objectReference: {fileID: 0}
    - target: {fileID: 6378805875734601576, guid: 7d5d799692605864d88c481419730138,
        type: 3}
      propertyPath: m_LocalEulerAnglesHint.z
      value: 0
      objectReference: {fileID: 0}
    m_RemovedComponents: []
  m_SourcePrefab: {fileID: 100100000, guid: 7d5d799692605864d88c481419730138, type: 3}
--- !u!4 &8228725512592250392 stripped
Transform:
  m_CorrespondingSourceObject: {fileID: 6378805875734601576, guid: 7d5d799692605864d88c481419730138,
    type: 3}
  m_PrefabInstance: {fileID: 3077186031143127408}
  m_PrefabAsset: {fileID: 0}
--- !u!1001 &4964521750282254308
PrefabInstance:
  m_ObjectHideFlags: 0
  serializedVersion: 2
  m_Modification:
    m_TransformParent: {fileID: 5451801918197261279}
    m_Modifications:
    - target: {fileID: 4785905987386423568, guid: 7d5d799692605864d88c481419730138,
        type: 3}
      propertyPath: m_Name
      value: 16x16NormalRoomTile (4)
      objectReference: {fileID: 0}
    - target: {fileID: 6378805875734601576, guid: 7d5d799692605864d88c481419730138,
        type: 3}
      propertyPath: m_LocalPosition.x
      value: 0
      objectReference: {fileID: 0}
    - target: {fileID: 6378805875734601576, guid: 7d5d799692605864d88c481419730138,
        type: 3}
      propertyPath: m_LocalPosition.y
      value: 0
      objectReference: {fileID: 0}
    - target: {fileID: 6378805875734601576, guid: 7d5d799692605864d88c481419730138,
        type: 3}
      propertyPath: m_LocalPosition.z
      value: 128
      objectReference: {fileID: 0}
    - target: {fileID: 6378805875734601576, guid: 7d5d799692605864d88c481419730138,
        type: 3}
      propertyPath: m_LocalRotation.x
      value: 0
      objectReference: {fileID: 0}
    - target: {fileID: 6378805875734601576, guid: 7d5d799692605864d88c481419730138,
        type: 3}
      propertyPath: m_LocalRotation.y
      value: 0
      objectReference: {fileID: 0}
    - target: {fileID: 6378805875734601576, guid: 7d5d799692605864d88c481419730138,
        type: 3}
      propertyPath: m_LocalRotation.z
      value: 0
      objectReference: {fileID: 0}
    - target: {fileID: 6378805875734601576, guid: 7d5d799692605864d88c481419730138,
        type: 3}
      propertyPath: m_LocalRotation.w
      value: 1
      objectReference: {fileID: 0}
    - target: {fileID: 6378805875734601576, guid: 7d5d799692605864d88c481419730138,
        type: 3}
      propertyPath: m_RootOrder
      value: 4
      objectReference: {fileID: 0}
    - target: {fileID: 6378805875734601576, guid: 7d5d799692605864d88c481419730138,
        type: 3}
      propertyPath: m_LocalEulerAnglesHint.x
      value: 0
      objectReference: {fileID: 0}
    - target: {fileID: 6378805875734601576, guid: 7d5d799692605864d88c481419730138,
        type: 3}
      propertyPath: m_LocalEulerAnglesHint.y
      value: 0
      objectReference: {fileID: 0}
    - target: {fileID: 6378805875734601576, guid: 7d5d799692605864d88c481419730138,
        type: 3}
      propertyPath: m_LocalEulerAnglesHint.z
      value: 0
      objectReference: {fileID: 0}
    m_RemovedComponents: []
  m_SourcePrefab: {fileID: 100100000, guid: 7d5d799692605864d88c481419730138, type: 3}
--- !u!4 &2045641517813721228 stripped
Transform:
  m_CorrespondingSourceObject: {fileID: 6378805875734601576, guid: 7d5d799692605864d88c481419730138,
    type: 3}
  m_PrefabInstance: {fileID: 4964521750282254308}
  m_PrefabAsset: {fileID: 0}
--- !u!1001 &7934550258497324530
PrefabInstance:
  m_ObjectHideFlags: 0
  serializedVersion: 2
  m_Modification:
    m_TransformParent: {fileID: 5451801918197261279}
    m_Modifications:
    - target: {fileID: 4785905987386423568, guid: 7d5d799692605864d88c481419730138,
        type: 3}
      propertyPath: m_Name
      value: 16x16NormalRoomTile (6)
      objectReference: {fileID: 0}
    - target: {fileID: 6378805875734601576, guid: 7d5d799692605864d88c481419730138,
        type: 3}
      propertyPath: m_LocalPosition.x
      value: 128
      objectReference: {fileID: 0}
    - target: {fileID: 6378805875734601576, guid: 7d5d799692605864d88c481419730138,
        type: 3}
      propertyPath: m_LocalPosition.y
      value: 0
      objectReference: {fileID: 0}
    - target: {fileID: 6378805875734601576, guid: 7d5d799692605864d88c481419730138,
        type: 3}
      propertyPath: m_LocalPosition.z
      value: 64
      objectReference: {fileID: 0}
    - target: {fileID: 6378805875734601576, guid: 7d5d799692605864d88c481419730138,
        type: 3}
      propertyPath: m_LocalRotation.x
      value: 0
      objectReference: {fileID: 0}
    - target: {fileID: 6378805875734601576, guid: 7d5d799692605864d88c481419730138,
        type: 3}
      propertyPath: m_LocalRotation.y
      value: 0
      objectReference: {fileID: 0}
    - target: {fileID: 6378805875734601576, guid: 7d5d799692605864d88c481419730138,
        type: 3}
      propertyPath: m_LocalRotation.z
      value: 0
      objectReference: {fileID: 0}
    - target: {fileID: 6378805875734601576, guid: 7d5d799692605864d88c481419730138,
        type: 3}
      propertyPath: m_LocalRotation.w
      value: 1
      objectReference: {fileID: 0}
    - target: {fileID: 6378805875734601576, guid: 7d5d799692605864d88c481419730138,
        type: 3}
      propertyPath: m_RootOrder
      value: 6
      objectReference: {fileID: 0}
    - target: {fileID: 6378805875734601576, guid: 7d5d799692605864d88c481419730138,
        type: 3}
      propertyPath: m_LocalEulerAnglesHint.x
      value: 0
      objectReference: {fileID: 0}
    - target: {fileID: 6378805875734601576, guid: 7d5d799692605864d88c481419730138,
        type: 3}
      propertyPath: m_LocalEulerAnglesHint.y
      value: 0
      objectReference: {fileID: 0}
    - target: {fileID: 6378805875734601576, guid: 7d5d799692605864d88c481419730138,
        type: 3}
      propertyPath: m_LocalEulerAnglesHint.z
      value: 0
      objectReference: {fileID: 0}
    m_RemovedComponents: []
  m_SourcePrefab: {fileID: 100100000, guid: 7d5d799692605864d88c481419730138, type: 3}
--- !u!4 &3934806104661449370 stripped
Transform:
  m_CorrespondingSourceObject: {fileID: 6378805875734601576, guid: 7d5d799692605864d88c481419730138,
    type: 3}
  m_PrefabInstance: {fileID: 7934550258497324530}
  m_PrefabAsset: {fileID: 0}
--- !u!1001 &8423313155857857341
PrefabInstance:
  m_ObjectHideFlags: 0
  serializedVersion: 2
  m_Modification:
    m_TransformParent: {fileID: 5451801918197261279}
    m_Modifications:
    - target: {fileID: 4785905987386423568, guid: 7d5d799692605864d88c481419730138,
        type: 3}
      propertyPath: m_Name
      value: 16x16NormalRoomTile (7)
      objectReference: {fileID: 0}
    - target: {fileID: 6378805875734601576, guid: 7d5d799692605864d88c481419730138,
        type: 3}
      propertyPath: m_LocalPosition.x
      value: 64
      objectReference: {fileID: 0}
    - target: {fileID: 6378805875734601576, guid: 7d5d799692605864d88c481419730138,
        type: 3}
      propertyPath: m_LocalPosition.y
      value: 0
      objectReference: {fileID: 0}
    - target: {fileID: 6378805875734601576, guid: 7d5d799692605864d88c481419730138,
        type: 3}
      propertyPath: m_LocalPosition.z
      value: 128
      objectReference: {fileID: 0}
    - target: {fileID: 6378805875734601576, guid: 7d5d799692605864d88c481419730138,
        type: 3}
      propertyPath: m_LocalRotation.x
      value: 0
      objectReference: {fileID: 0}
    - target: {fileID: 6378805875734601576, guid: 7d5d799692605864d88c481419730138,
        type: 3}
      propertyPath: m_LocalRotation.y
      value: 0
      objectReference: {fileID: 0}
    - target: {fileID: 6378805875734601576, guid: 7d5d799692605864d88c481419730138,
        type: 3}
      propertyPath: m_LocalRotation.z
      value: 0
      objectReference: {fileID: 0}
    - target: {fileID: 6378805875734601576, guid: 7d5d799692605864d88c481419730138,
        type: 3}
      propertyPath: m_LocalRotation.w
      value: 1
      objectReference: {fileID: 0}
    - target: {fileID: 6378805875734601576, guid: 7d5d799692605864d88c481419730138,
        type: 3}
      propertyPath: m_RootOrder
      value: 7
      objectReference: {fileID: 0}
    - target: {fileID: 6378805875734601576, guid: 7d5d799692605864d88c481419730138,
        type: 3}
      propertyPath: m_LocalEulerAnglesHint.x
      value: 0
      objectReference: {fileID: 0}
    - target: {fileID: 6378805875734601576, guid: 7d5d799692605864d88c481419730138,
        type: 3}
      propertyPath: m_LocalEulerAnglesHint.y
      value: 0
      objectReference: {fileID: 0}
    - target: {fileID: 6378805875734601576, guid: 7d5d799692605864d88c481419730138,
        type: 3}
      propertyPath: m_LocalEulerAnglesHint.z
      value: 0
      objectReference: {fileID: 0}
    m_RemovedComponents: []
  m_SourcePrefab: {fileID: 100100000, guid: 7d5d799692605864d88c481419730138, type: 3}
--- !u!4 &3198554684908233813 stripped
Transform:
  m_CorrespondingSourceObject: {fileID: 6378805875734601576, guid: 7d5d799692605864d88c481419730138,
    type: 3}
  m_PrefabInstance: {fileID: 8423313155857857341}
  m_PrefabAsset: {fileID: 0}
--- !u!1001 &8855231100856490000
PrefabInstance:
  m_ObjectHideFlags: 0
  serializedVersion: 2
  m_Modification:
    m_TransformParent: {fileID: 5451801918197261279}
    m_Modifications:
    - target: {fileID: 4785905987386423568, guid: 7d5d799692605864d88c481419730138,
        type: 3}
      propertyPath: m_Name
      value: 16x16NormalRoomTile
      objectReference: {fileID: 0}
    - target: {fileID: 6378805875734601576, guid: 7d5d799692605864d88c481419730138,
        type: 3}
      propertyPath: m_LocalPosition.x
      value: 0
      objectReference: {fileID: 0}
    - target: {fileID: 6378805875734601576, guid: 7d5d799692605864d88c481419730138,
        type: 3}
      propertyPath: m_LocalPosition.y
      value: 0
      objectReference: {fileID: 0}
    - target: {fileID: 6378805875734601576, guid: 7d5d799692605864d88c481419730138,
        type: 3}
      propertyPath: m_LocalPosition.z
      value: 0
      objectReference: {fileID: 0}
    - target: {fileID: 6378805875734601576, guid: 7d5d799692605864d88c481419730138,
        type: 3}
      propertyPath: m_LocalRotation.x
      value: 0
      objectReference: {fileID: 0}
    - target: {fileID: 6378805875734601576, guid: 7d5d799692605864d88c481419730138,
        type: 3}
      propertyPath: m_LocalRotation.y
      value: 0
      objectReference: {fileID: 0}
    - target: {fileID: 6378805875734601576, guid: 7d5d799692605864d88c481419730138,
        type: 3}
      propertyPath: m_LocalRotation.z
      value: 0
      objectReference: {fileID: 0}
    - target: {fileID: 6378805875734601576, guid: 7d5d799692605864d88c481419730138,
        type: 3}
      propertyPath: m_LocalRotation.w
      value: 1
      objectReference: {fileID: 0}
    - target: {fileID: 6378805875734601576, guid: 7d5d799692605864d88c481419730138,
        type: 3}
      propertyPath: m_RootOrder
      value: 0
      objectReference: {fileID: 0}
    - target: {fileID: 6378805875734601576, guid: 7d5d799692605864d88c481419730138,
        type: 3}
      propertyPath: m_LocalEulerAnglesHint.x
      value: 0
      objectReference: {fileID: 0}
    - target: {fileID: 6378805875734601576, guid: 7d5d799692605864d88c481419730138,
        type: 3}
      propertyPath: m_LocalEulerAnglesHint.y
      value: 0
      objectReference: {fileID: 0}
    - target: {fileID: 6378805875734601576, guid: 7d5d799692605864d88c481419730138,
        type: 3}
      propertyPath: m_LocalEulerAnglesHint.z
      value: 0
      objectReference: {fileID: 0}
    m_RemovedComponents: []
  m_SourcePrefab: {fileID: 100100000, guid: 7d5d799692605864d88c481419730138, type: 3}
--- !u!4 &2477555806554228600 stripped
Transform:
  m_CorrespondingSourceObject: {fileID: 6378805875734601576, guid: 7d5d799692605864d88c481419730138,
    type: 3}
  m_PrefabInstance: {fileID: 8855231100856490000}
  m_PrefabAsset: {fileID: 0}
