%YAML 1.1
%TAG !u! tag:unity3d.com,2011:
--- !u!1 &4182883306788294060
GameObject:
  m_ObjectHideFlags: 0
  m_CorrespondingSourceObject: {fileID: 0}
  m_PrefabInstance: {fileID: 0}
  m_PrefabAsset: {fileID: 0}
  serializedVersion: 6
  m_Component:
  - component: {fileID: 1495458635070455028}
  m_Layer: 0
  m_Name: NormalRoomPortalGroup
  m_TagString: Untagged
  m_Icon: {fileID: 0}
  m_NavMeshLayer: 0
  m_StaticEditorFlags: 0
  m_IsActive: 1
--- !u!4 &1495458635070455028
Transform:
  m_ObjectHideFlags: 0
  m_CorrespondingSourceObject: {fileID: 0}
  m_PrefabInstance: {fileID: 0}
  m_PrefabAsset: {fileID: 0}
  m_GameObject: {fileID: 4182883306788294060}
  m_LocalRotation: {x: 0, y: 0, z: 0, w: 1}
  m_LocalPosition: {x: 0, y: 0, z: 0}
  m_LocalScale: {x: 1, y: 1, z: 1}
  m_Children:
  - {fileID: 4414974515292112629}
  - {fileID: 6655952687146221338}
  - {fileID: 7935686593407980220}
  m_Father: {fileID: 0}
  m_RootOrder: 0
  m_LocalEulerAnglesHint: {x: 0, y: 0, z: 0}
--- !u!1001 &200489833940235951
PrefabInstance:
  m_ObjectHideFlags: 0
  serializedVersion: 2
  m_Modification:
    m_TransformParent: {fileID: 1495458635070455028}
    m_Modifications:
    - target: {fileID: 5616685890648990707, guid: 4e655149632fd0d46880414f74cdd2bc,
        type: 3}
      propertyPath: m_textInfo.characterCount
      value: 8
      objectReference: {fileID: 0}
    - target: {fileID: 5616685890648990707, guid: 4e655149632fd0d46880414f74cdd2bc,
        type: 3}
      propertyPath: m_textInfo.spaceCount
      value: 1
      objectReference: {fileID: 0}
    - target: {fileID: 5616685890648990707, guid: 4e655149632fd0d46880414f74cdd2bc,
        type: 3}
      propertyPath: m_textInfo.wordCount
      value: 2
      objectReference: {fileID: 0}
    - target: {fileID: 5616685890648990707, guid: 4e655149632fd0d46880414f74cdd2bc,
        type: 3}
      propertyPath: m_textInfo.lineCount
      value: 1
      objectReference: {fileID: 0}
    - target: {fileID: 5616685890648990707, guid: 4e655149632fd0d46880414f74cdd2bc,
        type: 3}
      propertyPath: m_textInfo.pageCount
      value: 1
      objectReference: {fileID: 0}
    - target: {fileID: 5616685890648990707, guid: 4e655149632fd0d46880414f74cdd2bc,
        type: 3}
      propertyPath: m_textInfo.materialCount
      value: 2
      objectReference: {fileID: 0}
    - target: {fileID: 6815909711955462581, guid: 4e655149632fd0d46880414f74cdd2bc,
        type: 3}
      propertyPath: m_LocalPosition.x
      value: 0
      objectReference: {fileID: 0}
    - target: {fileID: 6815909711955462581, guid: 4e655149632fd0d46880414f74cdd2bc,
        type: 3}
      propertyPath: m_LocalPosition.y
      value: 0
      objectReference: {fileID: 0}
    - target: {fileID: 6815909711955462581, guid: 4e655149632fd0d46880414f74cdd2bc,
        type: 3}
      propertyPath: m_LocalPosition.z
      value: 0
      objectReference: {fileID: 0}
    - target: {fileID: 6815909711955462581, guid: 4e655149632fd0d46880414f74cdd2bc,
        type: 3}
      propertyPath: m_LocalRotation.x
      value: 1
      objectReference: {fileID: 0}
    - target: {fileID: 6815909711955462581, guid: 4e655149632fd0d46880414f74cdd2bc,
        type: 3}
      propertyPath: m_LocalRotation.y
      value: 0
      objectReference: {fileID: 0}
    - target: {fileID: 6815909711955462581, guid: 4e655149632fd0d46880414f74cdd2bc,
        type: 3}
      propertyPath: m_LocalRotation.z
      value: 0
      objectReference: {fileID: 0}
    - target: {fileID: 6815909711955462581, guid: 4e655149632fd0d46880414f74cdd2bc,
        type: 3}
      propertyPath: m_LocalRotation.w
      value: 0
      objectReference: {fileID: 0}
    - target: {fileID: 6815909711955462581, guid: 4e655149632fd0d46880414f74cdd2bc,
        type: 3}
      propertyPath: m_RootOrder
      value: 1
      objectReference: {fileID: 0}
    - target: {fileID: 6815909711955462581, guid: 4e655149632fd0d46880414f74cdd2bc,
        type: 3}
      propertyPath: m_LocalEulerAnglesHint.x
      value: 180
      objectReference: {fileID: 0}
    - target: {fileID: 6815909711955462581, guid: 4e655149632fd0d46880414f74cdd2bc,
        type: 3}
      propertyPath: m_LocalEulerAnglesHint.y
      value: 0
      objectReference: {fileID: 0}
    - target: {fileID: 6815909711955462581, guid: 4e655149632fd0d46880414f74cdd2bc,
        type: 3}
      propertyPath: m_LocalEulerAnglesHint.z
      value: 0
      objectReference: {fileID: 0}
    - target: {fileID: 7312430629858431849, guid: 4e655149632fd0d46880414f74cdd2bc,
        type: 3}
      propertyPath: m_Name
      value: PortalMom
      objectReference: {fileID: 0}
    m_RemovedComponents: []
  m_SourcePrefab: {fileID: 100100000, guid: 4e655149632fd0d46880414f74cdd2bc, type: 3}
--- !u!4 &6655952687146221338 stripped
Transform:
  m_CorrespondingSourceObject: {fileID: 6815909711955462581, guid: 4e655149632fd0d46880414f74cdd2bc,
    type: 3}
  m_PrefabInstance: {fileID: 200489833940235951}
  m_PrefabAsset: {fileID: 0}
--- !u!1001 &3510486830134074121
PrefabInstance:
  m_ObjectHideFlags: 0
  serializedVersion: 2
  m_Modification:
    m_TransformParent: {fileID: 1495458635070455028}
    m_Modifications:
    - target: {fileID: 2488673730148782316, guid: dfab36d7738ba2844896a0da865c6186,
        type: 3}
      propertyPath: m_textInfo.characterCount
      value: 8
      objectReference: {fileID: 0}
    - target: {fileID: 2488673730148782316, guid: dfab36d7738ba2844896a0da865c6186,
        type: 3}
      propertyPath: m_textInfo.spaceCount
      value: 1
      objectReference: {fileID: 0}
    - target: {fileID: 2488673730148782316, guid: dfab36d7738ba2844896a0da865c6186,
        type: 3}
      propertyPath: m_textInfo.wordCount
      value: 2
      objectReference: {fileID: 0}
    - target: {fileID: 2488673730148782316, guid: dfab36d7738ba2844896a0da865c6186,
        type: 3}
      propertyPath: m_textInfo.lineCount
      value: 1
      objectReference: {fileID: 0}
    - target: {fileID: 2488673730148782316, guid: dfab36d7738ba2844896a0da865c6186,
        type: 3}
      propertyPath: m_textInfo.pageCount
      value: 1
      objectReference: {fileID: 0}
    - target: {fileID: 2488673730148782316, guid: dfab36d7738ba2844896a0da865c6186,
        type: 3}
      propertyPath: m_textInfo.materialCount
      value: 2
      objectReference: {fileID: 0}
    - target: {fileID: 6815909711955462581, guid: dfab36d7738ba2844896a0da865c6186,
        type: 3}
      propertyPath: m_LocalPosition.x
      value: 0
      objectReference: {fileID: 0}
    - target: {fileID: 6815909711955462581, guid: dfab36d7738ba2844896a0da865c6186,
        type: 3}
      propertyPath: m_LocalPosition.y
      value: 0
      objectReference: {fileID: 0}
    - target: {fileID: 6815909711955462581, guid: dfab36d7738ba2844896a0da865c6186,
        type: 3}
      propertyPath: m_LocalPosition.z
      value: 0
      objectReference: {fileID: 0}
    - target: {fileID: 6815909711955462581, guid: dfab36d7738ba2844896a0da865c6186,
        type: 3}
      propertyPath: m_LocalRotation.x
      value: 1
      objectReference: {fileID: 0}
    - target: {fileID: 6815909711955462581, guid: dfab36d7738ba2844896a0da865c6186,
        type: 3}
      propertyPath: m_LocalRotation.y
      value: 0
      objectReference: {fileID: 0}
    - target: {fileID: 6815909711955462581, guid: dfab36d7738ba2844896a0da865c6186,
        type: 3}
      propertyPath: m_LocalRotation.z
      value: 0
      objectReference: {fileID: 0}
    - target: {fileID: 6815909711955462581, guid: dfab36d7738ba2844896a0da865c6186,
        type: 3}
      propertyPath: m_LocalRotation.w
      value: 0
      objectReference: {fileID: 0}
    - target: {fileID: 6815909711955462581, guid: dfab36d7738ba2844896a0da865c6186,
        type: 3}
      propertyPath: m_RootOrder
      value: 2
      objectReference: {fileID: 0}
    - target: {fileID: 6815909711955462581, guid: dfab36d7738ba2844896a0da865c6186,
        type: 3}
      propertyPath: m_LocalEulerAnglesHint.x
      value: 180
      objectReference: {fileID: 0}
    - target: {fileID: 6815909711955462581, guid: dfab36d7738ba2844896a0da865c6186,
        type: 3}
      propertyPath: m_LocalEulerAnglesHint.y
      value: 0
      objectReference: {fileID: 0}
    - target: {fileID: 6815909711955462581, guid: dfab36d7738ba2844896a0da865c6186,
        type: 3}
      propertyPath: m_LocalEulerAnglesHint.z
      value: 0
      objectReference: {fileID: 0}
    - target: {fileID: 7312430629858431849, guid: dfab36d7738ba2844896a0da865c6186,
        type: 3}
      propertyPath: m_Name
      value: RightPortalMom
      objectReference: {fileID: 0}
    m_RemovedComponents: []
  m_SourcePrefab: {fileID: 100100000, guid: dfab36d7738ba2844896a0da865c6186, type: 3}
--- !u!4 &7935686593407980220 stripped
Transform:
  m_CorrespondingSourceObject: {fileID: 6815909711955462581, guid: dfab36d7738ba2844896a0da865c6186,
    type: 3}
  m_PrefabInstance: {fileID: 3510486830134074121}
  m_PrefabAsset: {fileID: 0}
--- !u!1001 &7193332909374050112
PrefabInstance:
  m_ObjectHideFlags: 0
  serializedVersion: 2
  m_Modification:
    m_TransformParent: {fileID: 1495458635070455028}
    m_Modifications:
    - target: {fileID: 1466885213902753394, guid: 39315957c221caa41ae5e45c50097fbc,
        type: 3}
      propertyPath: m_textInfo.characterCount
      value: 8
      objectReference: {fileID: 0}
    - target: {fileID: 1466885213902753394, guid: 39315957c221caa41ae5e45c50097fbc,
        type: 3}
      propertyPath: m_textInfo.spaceCount
      value: 1
      objectReference: {fileID: 0}
    - target: {fileID: 1466885213902753394, guid: 39315957c221caa41ae5e45c50097fbc,
        type: 3}
      propertyPath: m_textInfo.wordCount
      value: 2
      objectReference: {fileID: 0}
    - target: {fileID: 1466885213902753394, guid: 39315957c221caa41ae5e45c50097fbc,
        type: 3}
      propertyPath: m_textInfo.lineCount
      value: 1
      objectReference: {fileID: 0}
    - target: {fileID: 1466885213902753394, guid: 39315957c221caa41ae5e45c50097fbc,
        type: 3}
      propertyPath: m_textInfo.pageCount
      value: 1
      objectReference: {fileID: 0}
    - target: {fileID: 1466885213902753394, guid: 39315957c221caa41ae5e45c50097fbc,
        type: 3}
      propertyPath: m_textInfo.materialCount
      value: 2
      objectReference: {fileID: 0}
    - target: {fileID: 6815909711955462581, guid: 39315957c221caa41ae5e45c50097fbc,
        type: 3}
      propertyPath: m_LocalPosition.x
      value: 0
      objectReference: {fileID: 0}
    - target: {fileID: 6815909711955462581, guid: 39315957c221caa41ae5e45c50097fbc,
        type: 3}
      propertyPath: m_LocalPosition.y
      value: 0
      objectReference: {fileID: 0}
    - target: {fileID: 6815909711955462581, guid: 39315957c221caa41ae5e45c50097fbc,
        type: 3}
      propertyPath: m_LocalPosition.z
      value: 0
      objectReference: {fileID: 0}
    - target: {fileID: 6815909711955462581, guid: 39315957c221caa41ae5e45c50097fbc,
        type: 3}
      propertyPath: m_LocalRotation.x
      value: 1
      objectReference: {fileID: 0}
    - target: {fileID: 6815909711955462581, guid: 39315957c221caa41ae5e45c50097fbc,
        type: 3}
      propertyPath: m_LocalRotation.y
      value: 0
      objectReference: {fileID: 0}
    - target: {fileID: 6815909711955462581, guid: 39315957c221caa41ae5e45c50097fbc,
        type: 3}
      propertyPath: m_LocalRotation.z
      value: 0
      objectReference: {fileID: 0}
    - target: {fileID: 6815909711955462581, guid: 39315957c221caa41ae5e45c50097fbc,
        type: 3}
      propertyPath: m_LocalRotation.w
      value: 0
      objectReference: {fileID: 0}
    - target: {fileID: 6815909711955462581, guid: 39315957c221caa41ae5e45c50097fbc,
        type: 3}
      propertyPath: m_RootOrder
      value: 0
      objectReference: {fileID: 0}
    - target: {fileID: 6815909711955462581, guid: 39315957c221caa41ae5e45c50097fbc,
        type: 3}
      propertyPath: m_LocalEulerAnglesHint.x
      value: 180
      objectReference: {fileID: 0}
    - target: {fileID: 6815909711955462581, guid: 39315957c221caa41ae5e45c50097fbc,
        type: 3}
      propertyPath: m_LocalEulerAnglesHint.y
      value: 0
      objectReference: {fileID: 0}
    - target: {fileID: 6815909711955462581, guid: 39315957c221caa41ae5e45c50097fbc,
        type: 3}
      propertyPath: m_LocalEulerAnglesHint.z
      value: 0
      objectReference: {fileID: 0}
    - target: {fileID: 7312430629858431849, guid: 39315957c221caa41ae5e45c50097fbc,
        type: 3}
      propertyPath: m_Name
      value: LeftPortalMom
      objectReference: {fileID: 0}
    m_RemovedComponents: []
  m_SourcePrefab: {fileID: 100100000, guid: 39315957c221caa41ae5e45c50097fbc, type: 3}
--- !u!4 &4414974515292112629 stripped
Transform:
  m_CorrespondingSourceObject: {fileID: 6815909711955462581, guid: 39315957c221caa41ae5e45c50097fbc,
    type: 3}
  m_PrefabInstance: {fileID: 7193332909374050112}
  m_PrefabAsset: {fileID: 0}
