%YAML 1.1
%TAG !u! tag:unity3d.com,2011:
--- !u!1 &8363985419897998521
GameObject:
  m_ObjectHideFlags: 0
  m_CorrespondingSourceObject: {fileID: 0}
  m_PrefabInstance: {fileID: 0}
  m_PrefabAsset: {fileID: 0}
  serializedVersion: 6
  m_Component:
  - component: {fileID: 4463541500230669868}
  m_Layer: 0
  m_Name: 2x4WallGroup
  m_TagString: Untagged
  m_Icon: {fileID: 0}
  m_NavMeshLayer: 0
  m_StaticEditorFlags: 0
  m_IsActive: 1
--- !u!4 &4463541500230669868
Transform:
  m_ObjectHideFlags: 0
  m_CorrespondingSourceObject: {fileID: 0}
  m_PrefabInstance: {fileID: 0}
  m_PrefabAsset: {fileID: 0}
  m_GameObject: {fileID: 8363985419897998521}
  m_LocalRotation: {x: -0, y: -0, z: -0, w: 1}
  m_LocalPosition: {x: 0, y: 0, z: 0}
  m_LocalScale: {x: 1, y: 1, z: 1}
  m_Children:
  - {fileID: 6843065429300599832}
  - {fileID: 3310099327580631908}
  - {fileID: 7641704080006249907}
  - {fileID: 4952365295163719568}
  - {fileID: 5868658560501196789}
  - {fileID: 983192174010373668}
  - {fileID: 2296535828110209235}
  - {fileID: 6378232210165975968}
  m_Father: {fileID: 0}
  m_RootOrder: 0
  m_LocalEulerAnglesHint: {x: 0, y: 0, z: 0}
--- !u!1001 &228084161440568185
PrefabInstance:
  m_ObjectHideFlags: 0
  serializedVersion: 2
  m_Modification:
    m_TransformParent: {fileID: 4463541500230669868}
    m_Modifications:
    - target: {fileID: 6606315769320642777, guid: f35c4c029b7c77a48bd8a07265b362e1,
        type: 3}
      propertyPath: m_LocalPosition.x
      value: 10
      objectReference: {fileID: 0}
    - target: {fileID: 6606315769320642777, guid: f35c4c029b7c77a48bd8a07265b362e1,
        type: 3}
      propertyPath: m_LocalPosition.y
      value: 5
      objectReference: {fileID: 0}
    - target: {fileID: 6606315769320642777, guid: f35c4c029b7c77a48bd8a07265b362e1,
        type: 3}
      propertyPath: m_LocalPosition.z
      value: -2
      objectReference: {fileID: 0}
    - target: {fileID: 6606315769320642777, guid: f35c4c029b7c77a48bd8a07265b362e1,
        type: 3}
      propertyPath: m_LocalRotation.x
      value: -0.7071068
      objectReference: {fileID: 0}
    - target: {fileID: 6606315769320642777, guid: f35c4c029b7c77a48bd8a07265b362e1,
        type: 3}
      propertyPath: m_LocalRotation.y
      value: 0
      objectReference: {fileID: 0}
    - target: {fileID: 6606315769320642777, guid: f35c4c029b7c77a48bd8a07265b362e1,
        type: 3}
      propertyPath: m_LocalRotation.z
      value: 0
      objectReference: {fileID: 0}
    - target: {fileID: 6606315769320642777, guid: f35c4c029b7c77a48bd8a07265b362e1,
        type: 3}
      propertyPath: m_LocalRotation.w
      value: 0.7071068
      objectReference: {fileID: 0}
    - target: {fileID: 6606315769320642777, guid: f35c4c029b7c77a48bd8a07265b362e1,
        type: 3}
      propertyPath: m_RootOrder
      value: 7
      objectReference: {fileID: 0}
    - target: {fileID: 6606315769320642777, guid: f35c4c029b7c77a48bd8a07265b362e1,
        type: 3}
      propertyPath: m_LocalEulerAnglesHint.x
      value: -90
      objectReference: {fileID: 0}
    - target: {fileID: 6606315769320642777, guid: f35c4c029b7c77a48bd8a07265b362e1,
        type: 3}
      propertyPath: m_LocalEulerAnglesHint.y
      value: 0
      objectReference: {fileID: 0}
    - target: {fileID: 6606315769320642777, guid: f35c4c029b7c77a48bd8a07265b362e1,
        type: 3}
      propertyPath: m_LocalEulerAnglesHint.z
      value: 0
      objectReference: {fileID: 0}
    - target: {fileID: 6606315769320642777, guid: f35c4c029b7c77a48bd8a07265b362e1,
        type: 3}
      propertyPath: m_LocalScale.y
      value: 100.00008
      objectReference: {fileID: 0}
    - target: {fileID: 6606315769320642777, guid: f35c4c029b7c77a48bd8a07265b362e1,
        type: 3}
      propertyPath: m_LocalScale.z
      value: 100.00008
      objectReference: {fileID: 0}
    - target: {fileID: 6606315769320735993, guid: f35c4c029b7c77a48bd8a07265b362e1,
        type: 3}
      propertyPath: m_Name
      value: NormalRoomWall (5)
      objectReference: {fileID: 0}
    m_RemovedComponents: []
  m_SourcePrefab: {fileID: 100100000, guid: f35c4c029b7c77a48bd8a07265b362e1, type: 3}
--- !u!4 &6378232210165975968 stripped
Transform:
  m_CorrespondingSourceObject: {fileID: 6606315769320642777, guid: f35c4c029b7c77a48bd8a07265b362e1,
    type: 3}
  m_PrefabInstance: {fileID: 228084161440568185}
  m_PrefabAsset: {fileID: 0}
--- !u!1001 &385386456490493121
PrefabInstance:
  m_ObjectHideFlags: 0
  serializedVersion: 2
  m_Modification:
    m_TransformParent: {fileID: 4463541500230669868}
    m_Modifications:
    - target: {fileID: 6606315769320642777, guid: f35c4c029b7c77a48bd8a07265b362e1,
        type: 3}
      propertyPath: m_LocalPosition.x
      value: 2
      objectReference: {fileID: 0}
    - target: {fileID: 6606315769320642777, guid: f35c4c029b7c77a48bd8a07265b362e1,
        type: 3}
      propertyPath: m_LocalPosition.y
      value: 0
      objectReference: {fileID: 0}
    - target: {fileID: 6606315769320642777, guid: f35c4c029b7c77a48bd8a07265b362e1,
        type: 3}
      propertyPath: m_LocalPosition.z
      value: -2
      objectReference: {fileID: 0}
    - target: {fileID: 6606315769320642777, guid: f35c4c029b7c77a48bd8a07265b362e1,
        type: 3}
      propertyPath: m_LocalRotation.x
      value: -0.7071068
      objectReference: {fileID: 0}
    - target: {fileID: 6606315769320642777, guid: f35c4c029b7c77a48bd8a07265b362e1,
        type: 3}
      propertyPath: m_LocalRotation.y
      value: 0
      objectReference: {fileID: 0}
    - target: {fileID: 6606315769320642777, guid: f35c4c029b7c77a48bd8a07265b362e1,
        type: 3}
      propertyPath: m_LocalRotation.z
      value: 0
      objectReference: {fileID: 0}
    - target: {fileID: 6606315769320642777, guid: f35c4c029b7c77a48bd8a07265b362e1,
        type: 3}
      propertyPath: m_LocalRotation.w
      value: 0.7071068
      objectReference: {fileID: 0}
    - target: {fileID: 6606315769320642777, guid: f35c4c029b7c77a48bd8a07265b362e1,
        type: 3}
      propertyPath: m_RootOrder
      value: 0
      objectReference: {fileID: 0}
    - target: {fileID: 6606315769320642777, guid: f35c4c029b7c77a48bd8a07265b362e1,
        type: 3}
      propertyPath: m_LocalEulerAnglesHint.x
      value: -90
      objectReference: {fileID: 0}
    - target: {fileID: 6606315769320642777, guid: f35c4c029b7c77a48bd8a07265b362e1,
        type: 3}
      propertyPath: m_LocalEulerAnglesHint.y
      value: 0
      objectReference: {fileID: 0}
    - target: {fileID: 6606315769320642777, guid: f35c4c029b7c77a48bd8a07265b362e1,
        type: 3}
      propertyPath: m_LocalEulerAnglesHint.z
      value: 0
      objectReference: {fileID: 0}
    - target: {fileID: 6606315769320735993, guid: f35c4c029b7c77a48bd8a07265b362e1,
        type: 3}
      propertyPath: m_Name
      value: NormalRoomWall
      objectReference: {fileID: 0}
    m_RemovedComponents: []
  m_SourcePrefab: {fileID: 100100000, guid: f35c4c029b7c77a48bd8a07265b362e1, type: 3}
--- !u!4 &6843065429300599832 stripped
Transform:
  m_CorrespondingSourceObject: {fileID: 6606315769320642777, guid: f35c4c029b7c77a48bd8a07265b362e1,
    type: 3}
  m_PrefabInstance: {fileID: 385386456490493121}
  m_PrefabAsset: {fileID: 0}
--- !u!1001 &783609768514273068
PrefabInstance:
  m_ObjectHideFlags: 0
  serializedVersion: 2
  m_Modification:
    m_TransformParent: {fileID: 4463541500230669868}
    m_Modifications:
    - target: {fileID: 6606315769320642777, guid: f35c4c029b7c77a48bd8a07265b362e1,
        type: 3}
      propertyPath: m_LocalPosition.x
      value: 6
      objectReference: {fileID: 0}
    - target: {fileID: 6606315769320642777, guid: f35c4c029b7c77a48bd8a07265b362e1,
        type: 3}
      propertyPath: m_LocalPosition.y
      value: 0
      objectReference: {fileID: 0}
    - target: {fileID: 6606315769320642777, guid: f35c4c029b7c77a48bd8a07265b362e1,
        type: 3}
      propertyPath: m_LocalPosition.z
      value: -2
      objectReference: {fileID: 0}
    - target: {fileID: 6606315769320642777, guid: f35c4c029b7c77a48bd8a07265b362e1,
        type: 3}
      propertyPath: m_LocalRotation.x
      value: -0.7071068
      objectReference: {fileID: 0}
    - target: {fileID: 6606315769320642777, guid: f35c4c029b7c77a48bd8a07265b362e1,
        type: 3}
      propertyPath: m_LocalRotation.y
      value: 0
      objectReference: {fileID: 0}
    - target: {fileID: 6606315769320642777, guid: f35c4c029b7c77a48bd8a07265b362e1,
        type: 3}
      propertyPath: m_LocalRotation.z
      value: 0
      objectReference: {fileID: 0}
    - target: {fileID: 6606315769320642777, guid: f35c4c029b7c77a48bd8a07265b362e1,
        type: 3}
      propertyPath: m_LocalRotation.w
      value: 0.7071068
      objectReference: {fileID: 0}
    - target: {fileID: 6606315769320642777, guid: f35c4c029b7c77a48bd8a07265b362e1,
        type: 3}
      propertyPath: m_RootOrder
      value: 4
      objectReference: {fileID: 0}
    - target: {fileID: 6606315769320642777, guid: f35c4c029b7c77a48bd8a07265b362e1,
        type: 3}
      propertyPath: m_LocalEulerAnglesHint.x
      value: -90
      objectReference: {fileID: 0}
    - target: {fileID: 6606315769320642777, guid: f35c4c029b7c77a48bd8a07265b362e1,
        type: 3}
      propertyPath: m_LocalEulerAnglesHint.y
      value: 0
      objectReference: {fileID: 0}
    - target: {fileID: 6606315769320642777, guid: f35c4c029b7c77a48bd8a07265b362e1,
        type: 3}
      propertyPath: m_LocalEulerAnglesHint.z
      value: 0
      objectReference: {fileID: 0}
    - target: {fileID: 6606315769320642777, guid: f35c4c029b7c77a48bd8a07265b362e1,
        type: 3}
      propertyPath: m_LocalScale.y
      value: 100.00008
      objectReference: {fileID: 0}
    - target: {fileID: 6606315769320642777, guid: f35c4c029b7c77a48bd8a07265b362e1,
        type: 3}
      propertyPath: m_LocalScale.z
      value: 100.00008
      objectReference: {fileID: 0}
    - target: {fileID: 6606315769320735993, guid: f35c4c029b7c77a48bd8a07265b362e1,
        type: 3}
      propertyPath: m_Name
      value: NormalRoomWall (2)
      objectReference: {fileID: 0}
    m_RemovedComponents: []
  m_SourcePrefab: {fileID: 100100000, guid: f35c4c029b7c77a48bd8a07265b362e1, type: 3}
--- !u!4 &5868658560501196789 stripped
Transform:
  m_CorrespondingSourceObject: {fileID: 6606315769320642777, guid: f35c4c029b7c77a48bd8a07265b362e1,
    type: 3}
  m_PrefabInstance: {fileID: 783609768514273068}
  m_PrefabAsset: {fileID: 0}
--- !u!1001 &2239429000195712841
PrefabInstance:
  m_ObjectHideFlags: 0
  serializedVersion: 2
  m_Modification:
    m_TransformParent: {fileID: 4463541500230669868}
    m_Modifications:
    - target: {fileID: 6606315769320642777, guid: f35c4c029b7c77a48bd8a07265b362e1,
        type: 3}
      propertyPath: m_LocalPosition.x
      value: 2
      objectReference: {fileID: 0}
    - target: {fileID: 6606315769320642777, guid: f35c4c029b7c77a48bd8a07265b362e1,
        type: 3}
      propertyPath: m_LocalPosition.y
      value: 5
      objectReference: {fileID: 0}
    - target: {fileID: 6606315769320642777, guid: f35c4c029b7c77a48bd8a07265b362e1,
        type: 3}
      propertyPath: m_LocalPosition.z
      value: -2
      objectReference: {fileID: 0}
    - target: {fileID: 6606315769320642777, guid: f35c4c029b7c77a48bd8a07265b362e1,
        type: 3}
      propertyPath: m_LocalRotation.x
      value: -0.7071068
      objectReference: {fileID: 0}
    - target: {fileID: 6606315769320642777, guid: f35c4c029b7c77a48bd8a07265b362e1,
        type: 3}
      propertyPath: m_LocalRotation.y
      value: 0
      objectReference: {fileID: 0}
    - target: {fileID: 6606315769320642777, guid: f35c4c029b7c77a48bd8a07265b362e1,
        type: 3}
      propertyPath: m_LocalRotation.z
      value: 0
      objectReference: {fileID: 0}
    - target: {fileID: 6606315769320642777, guid: f35c4c029b7c77a48bd8a07265b362e1,
        type: 3}
      propertyPath: m_LocalRotation.w
      value: 0.7071068
      objectReference: {fileID: 0}
    - target: {fileID: 6606315769320642777, guid: f35c4c029b7c77a48bd8a07265b362e1,
        type: 3}
      propertyPath: m_RootOrder
      value: 3
      objectReference: {fileID: 0}
    - target: {fileID: 6606315769320642777, guid: f35c4c029b7c77a48bd8a07265b362e1,
        type: 3}
      propertyPath: m_LocalEulerAnglesHint.x
      value: -90
      objectReference: {fileID: 0}
    - target: {fileID: 6606315769320642777, guid: f35c4c029b7c77a48bd8a07265b362e1,
        type: 3}
      propertyPath: m_LocalEulerAnglesHint.y
      value: 0
      objectReference: {fileID: 0}
    - target: {fileID: 6606315769320642777, guid: f35c4c029b7c77a48bd8a07265b362e1,
        type: 3}
      propertyPath: m_LocalEulerAnglesHint.z
      value: 0
      objectReference: {fileID: 0}
    - target: {fileID: 6606315769320642777, guid: f35c4c029b7c77a48bd8a07265b362e1,
        type: 3}
      propertyPath: m_LocalScale.y
      value: 100.00008
      objectReference: {fileID: 0}
    - target: {fileID: 6606315769320642777, guid: f35c4c029b7c77a48bd8a07265b362e1,
        type: 3}
      propertyPath: m_LocalScale.z
      value: 100.00008
      objectReference: {fileID: 0}
    - target: {fileID: 6606315769320735993, guid: f35c4c029b7c77a48bd8a07265b362e1,
        type: 3}
      propertyPath: m_Name
      value: NormalRoomWall (1)
      objectReference: {fileID: 0}
    m_RemovedComponents: []
  m_SourcePrefab: {fileID: 100100000, guid: f35c4c029b7c77a48bd8a07265b362e1, type: 3}
--- !u!4 &4952365295163719568 stripped
Transform:
  m_CorrespondingSourceObject: {fileID: 6606315769320642777, guid: f35c4c029b7c77a48bd8a07265b362e1,
    type: 3}
  m_PrefabInstance: {fileID: 2239429000195712841}
  m_PrefabAsset: {fileID: 0}
--- !u!1001 &4931641822408370186
PrefabInstance:
  m_ObjectHideFlags: 0
  serializedVersion: 2
  m_Modification:
    m_TransformParent: {fileID: 4463541500230669868}
    m_Modifications:
    - target: {fileID: 6606315769320642777, guid: f35c4c029b7c77a48bd8a07265b362e1,
        type: 3}
      propertyPath: m_LocalPosition.x
      value: 10
      objectReference: {fileID: 0}
    - target: {fileID: 6606315769320642777, guid: f35c4c029b7c77a48bd8a07265b362e1,
        type: 3}
      propertyPath: m_LocalPosition.y
      value: 0
      objectReference: {fileID: 0}
    - target: {fileID: 6606315769320642777, guid: f35c4c029b7c77a48bd8a07265b362e1,
        type: 3}
      propertyPath: m_LocalPosition.z
      value: -2
      objectReference: {fileID: 0}
    - target: {fileID: 6606315769320642777, guid: f35c4c029b7c77a48bd8a07265b362e1,
        type: 3}
      propertyPath: m_LocalRotation.x
      value: -0.7071068
      objectReference: {fileID: 0}
    - target: {fileID: 6606315769320642777, guid: f35c4c029b7c77a48bd8a07265b362e1,
        type: 3}
      propertyPath: m_LocalRotation.y
      value: 0
      objectReference: {fileID: 0}
    - target: {fileID: 6606315769320642777, guid: f35c4c029b7c77a48bd8a07265b362e1,
        type: 3}
      propertyPath: m_LocalRotation.z
      value: 0
      objectReference: {fileID: 0}
    - target: {fileID: 6606315769320642777, guid: f35c4c029b7c77a48bd8a07265b362e1,
        type: 3}
      propertyPath: m_LocalRotation.w
      value: 0.7071068
      objectReference: {fileID: 0}
    - target: {fileID: 6606315769320642777, guid: f35c4c029b7c77a48bd8a07265b362e1,
        type: 3}
      propertyPath: m_RootOrder
      value: 6
      objectReference: {fileID: 0}
    - target: {fileID: 6606315769320642777, guid: f35c4c029b7c77a48bd8a07265b362e1,
        type: 3}
      propertyPath: m_LocalEulerAnglesHint.x
      value: -90
      objectReference: {fileID: 0}
    - target: {fileID: 6606315769320642777, guid: f35c4c029b7c77a48bd8a07265b362e1,
        type: 3}
      propertyPath: m_LocalEulerAnglesHint.y
      value: 0
      objectReference: {fileID: 0}
    - target: {fileID: 6606315769320642777, guid: f35c4c029b7c77a48bd8a07265b362e1,
        type: 3}
      propertyPath: m_LocalEulerAnglesHint.z
      value: 0
      objectReference: {fileID: 0}
    - target: {fileID: 6606315769320642777, guid: f35c4c029b7c77a48bd8a07265b362e1,
        type: 3}
      propertyPath: m_LocalScale.y
      value: 100.00008
      objectReference: {fileID: 0}
    - target: {fileID: 6606315769320642777, guid: f35c4c029b7c77a48bd8a07265b362e1,
        type: 3}
      propertyPath: m_LocalScale.z
      value: 100.00008
      objectReference: {fileID: 0}
    - target: {fileID: 6606315769320735993, guid: f35c4c029b7c77a48bd8a07265b362e1,
        type: 3}
      propertyPath: m_Name
      value: NormalRoomWall (4)
      objectReference: {fileID: 0}
    m_RemovedComponents: []
  m_SourcePrefab: {fileID: 100100000, guid: f35c4c029b7c77a48bd8a07265b362e1, type: 3}
--- !u!4 &2296535828110209235 stripped
Transform:
  m_CorrespondingSourceObject: {fileID: 6606315769320642777, guid: f35c4c029b7c77a48bd8a07265b362e1,
    type: 3}
  m_PrefabInstance: {fileID: 4931641822408370186}
  m_PrefabAsset: {fileID: 0}
--- !u!1001 &6200147316544769789
PrefabInstance:
  m_ObjectHideFlags: 0
  serializedVersion: 2
  m_Modification:
    m_TransformParent: {fileID: 4463541500230669868}
    m_Modifications:
    - target: {fileID: 6606315769320642777, guid: f35c4c029b7c77a48bd8a07265b362e1,
        type: 3}
      propertyPath: m_LocalPosition.x
      value: 6
      objectReference: {fileID: 0}
    - target: {fileID: 6606315769320642777, guid: f35c4c029b7c77a48bd8a07265b362e1,
        type: 3}
      propertyPath: m_LocalPosition.y
      value: 5
      objectReference: {fileID: 0}
    - target: {fileID: 6606315769320642777, guid: f35c4c029b7c77a48bd8a07265b362e1,
        type: 3}
      propertyPath: m_LocalPosition.z
      value: -2
      objectReference: {fileID: 0}
    - target: {fileID: 6606315769320642777, guid: f35c4c029b7c77a48bd8a07265b362e1,
        type: 3}
      propertyPath: m_LocalRotation.x
      value: -0.7071068
      objectReference: {fileID: 0}
    - target: {fileID: 6606315769320642777, guid: f35c4c029b7c77a48bd8a07265b362e1,
        type: 3}
      propertyPath: m_LocalRotation.y
      value: 0
      objectReference: {fileID: 0}
    - target: {fileID: 6606315769320642777, guid: f35c4c029b7c77a48bd8a07265b362e1,
        type: 3}
      propertyPath: m_LocalRotation.z
      value: 0
      objectReference: {fileID: 0}
    - target: {fileID: 6606315769320642777, guid: f35c4c029b7c77a48bd8a07265b362e1,
        type: 3}
      propertyPath: m_LocalRotation.w
      value: 0.7071068
      objectReference: {fileID: 0}
    - target: {fileID: 6606315769320642777, guid: f35c4c029b7c77a48bd8a07265b362e1,
        type: 3}
      propertyPath: m_RootOrder
      value: 5
      objectReference: {fileID: 0}
    - target: {fileID: 6606315769320642777, guid: f35c4c029b7c77a48bd8a07265b362e1,
        type: 3}
      propertyPath: m_LocalEulerAnglesHint.x
      value: -90
      objectReference: {fileID: 0}
    - target: {fileID: 6606315769320642777, guid: f35c4c029b7c77a48bd8a07265b362e1,
        type: 3}
      propertyPath: m_LocalEulerAnglesHint.y
      value: 0
      objectReference: {fileID: 0}
    - target: {fileID: 6606315769320642777, guid: f35c4c029b7c77a48bd8a07265b362e1,
        type: 3}
      propertyPath: m_LocalEulerAnglesHint.z
      value: 0
      objectReference: {fileID: 0}
    - target: {fileID: 6606315769320642777, guid: f35c4c029b7c77a48bd8a07265b362e1,
        type: 3}
      propertyPath: m_LocalScale.y
      value: 100.00008
      objectReference: {fileID: 0}
    - target: {fileID: 6606315769320642777, guid: f35c4c029b7c77a48bd8a07265b362e1,
        type: 3}
      propertyPath: m_LocalScale.z
      value: 100.00008
      objectReference: {fileID: 0}
    - target: {fileID: 6606315769320735993, guid: f35c4c029b7c77a48bd8a07265b362e1,
        type: 3}
      propertyPath: m_Name
      value: NormalRoomWall (3)
      objectReference: {fileID: 0}
    m_RemovedComponents: []
  m_SourcePrefab: {fileID: 100100000, guid: f35c4c029b7c77a48bd8a07265b362e1, type: 3}
--- !u!4 &983192174010373668 stripped
Transform:
  m_CorrespondingSourceObject: {fileID: 6606315769320642777, guid: f35c4c029b7c77a48bd8a07265b362e1,
    type: 3}
  m_PrefabInstance: {fileID: 6200147316544769789}
  m_PrefabAsset: {fileID: 0}
--- !u!1001 &7418382527729792380
PrefabInstance:
  m_ObjectHideFlags: 0
  serializedVersion: 2
  m_Modification:
    m_TransformParent: {fileID: 4463541500230669868}
    m_Modifications:
    - target: {fileID: 936655011711060175, guid: 5e10be2f5a748844dbd0b2b7e6fafd4a,
        type: 3}
      propertyPath: m_LocalPosition.x
      value: -2
      objectReference: {fileID: 0}
    - target: {fileID: 936655011711060175, guid: 5e10be2f5a748844dbd0b2b7e6fafd4a,
        type: 3}
      propertyPath: m_LocalPosition.y
      value: 5
      objectReference: {fileID: 0}
    - target: {fileID: 936655011711060175, guid: 5e10be2f5a748844dbd0b2b7e6fafd4a,
        type: 3}
      propertyPath: m_LocalPosition.z
      value: -2
      objectReference: {fileID: 0}
    - target: {fileID: 936655011711060175, guid: 5e10be2f5a748844dbd0b2b7e6fafd4a,
        type: 3}
      propertyPath: m_LocalRotation.x
      value: -0.7071068
      objectReference: {fileID: 0}
    - target: {fileID: 936655011711060175, guid: 5e10be2f5a748844dbd0b2b7e6fafd4a,
        type: 3}
      propertyPath: m_LocalRotation.y
      value: 0
      objectReference: {fileID: 0}
    - target: {fileID: 936655011711060175, guid: 5e10be2f5a748844dbd0b2b7e6fafd4a,
        type: 3}
      propertyPath: m_LocalRotation.z
      value: 0
      objectReference: {fileID: 0}
    - target: {fileID: 936655011711060175, guid: 5e10be2f5a748844dbd0b2b7e6fafd4a,
        type: 3}
      propertyPath: m_LocalRotation.w
      value: 0.7071068
      objectReference: {fileID: 0}
    - target: {fileID: 936655011711060175, guid: 5e10be2f5a748844dbd0b2b7e6fafd4a,
        type: 3}
      propertyPath: m_RootOrder
      value: 2
      objectReference: {fileID: 0}
    - target: {fileID: 936655011711060175, guid: 5e10be2f5a748844dbd0b2b7e6fafd4a,
        type: 3}
      propertyPath: m_LocalEulerAnglesHint.x
      value: -90
      objectReference: {fileID: 0}
    - target: {fileID: 936655011711060175, guid: 5e10be2f5a748844dbd0b2b7e6fafd4a,
        type: 3}
      propertyPath: m_LocalEulerAnglesHint.y
      value: 0
      objectReference: {fileID: 0}
    - target: {fileID: 936655011711060175, guid: 5e10be2f5a748844dbd0b2b7e6fafd4a,
        type: 3}
      propertyPath: m_LocalEulerAnglesHint.z
      value: 0
      objectReference: {fileID: 0}
    - target: {fileID: 936655011711060175, guid: 5e10be2f5a748844dbd0b2b7e6fafd4a,
        type: 3}
      propertyPath: m_LocalScale.x
      value: 100
      objectReference: {fileID: 0}
    - target: {fileID: 936655011711060175, guid: 5e10be2f5a748844dbd0b2b7e6fafd4a,
        type: 3}
      propertyPath: m_LocalScale.y
      value: 100
      objectReference: {fileID: 0}
    - target: {fileID: 936655011711060175, guid: 5e10be2f5a748844dbd0b2b7e6fafd4a,
        type: 3}
      propertyPath: m_LocalScale.z
      value: 100
      objectReference: {fileID: 0}
    - target: {fileID: 936655011711489263, guid: 5e10be2f5a748844dbd0b2b7e6fafd4a,
        type: 3}
      propertyPath: m_Name
      value: Dungeon_Wall_Var1 (1)
      objectReference: {fileID: 0}
    - target: {fileID: 936655011711489263, guid: 5e10be2f5a748844dbd0b2b7e6fafd4a,
        type: 3}
      propertyPath: m_TagString
      value: WALL
      objectReference: {fileID: 0}
    m_RemovedComponents: []
  m_SourcePrefab: {fileID: 100100000, guid: 5e10be2f5a748844dbd0b2b7e6fafd4a, type: 3}
--- !u!4 &7641704080006249907 stripped
Transform:
  m_CorrespondingSourceObject: {fileID: 936655011711060175, guid: 5e10be2f5a748844dbd0b2b7e6fafd4a,
    type: 3}
  m_PrefabInstance: {fileID: 7418382527729792380}
  m_PrefabAsset: {fileID: 0}
--- !u!1001 &8521246984992517053
PrefabInstance:
  m_ObjectHideFlags: 0
  serializedVersion: 2
  m_Modification:
    m_TransformParent: {fileID: 4463541500230669868}
    m_Modifications:
    - target: {fileID: 6606315769320642777, guid: f35c4c029b7c77a48bd8a07265b362e1,
        type: 3}
      propertyPath: m_LocalPosition.x
      value: -2
      objectReference: {fileID: 0}
    - target: {fileID: 6606315769320642777, guid: f35c4c029b7c77a48bd8a07265b362e1,
        type: 3}
      propertyPath: m_LocalPosition.y
      value: 0
      objectReference: {fileID: 0}
    - target: {fileID: 6606315769320642777, guid: f35c4c029b7c77a48bd8a07265b362e1,
        type: 3}
      propertyPath: m_LocalPosition.z
      value: -2
      objectReference: {fileID: 0}
    - target: {fileID: 6606315769320642777, guid: f35c4c029b7c77a48bd8a07265b362e1,
        type: 3}
      propertyPath: m_LocalRotation.x
      value: -0.7071068
      objectReference: {fileID: 0}
    - target: {fileID: 6606315769320642777, guid: f35c4c029b7c77a48bd8a07265b362e1,
        type: 3}
      propertyPath: m_LocalRotation.y
      value: 0
      objectReference: {fileID: 0}
    - target: {fileID: 6606315769320642777, guid: f35c4c029b7c77a48bd8a07265b362e1,
        type: 3}
      propertyPath: m_LocalRotation.z
      value: 0
      objectReference: {fileID: 0}
    - target: {fileID: 6606315769320642777, guid: f35c4c029b7c77a48bd8a07265b362e1,
        type: 3}
      propertyPath: m_LocalRotation.w
      value: 0.7071068
      objectReference: {fileID: 0}
    - target: {fileID: 6606315769320642777, guid: f35c4c029b7c77a48bd8a07265b362e1,
        type: 3}
      propertyPath: m_RootOrder
      value: 1
      objectReference: {fileID: 0}
    - target: {fileID: 6606315769320642777, guid: f35c4c029b7c77a48bd8a07265b362e1,
        type: 3}
      propertyPath: m_LocalEulerAnglesHint.x
      value: -90
      objectReference: {fileID: 0}
    - target: {fileID: 6606315769320642777, guid: f35c4c029b7c77a48bd8a07265b362e1,
        type: 3}
      propertyPath: m_LocalEulerAnglesHint.y
      value: 0
      objectReference: {fileID: 0}
    - target: {fileID: 6606315769320642777, guid: f35c4c029b7c77a48bd8a07265b362e1,
        type: 3}
      propertyPath: m_LocalEulerAnglesHint.z
      value: 0
      objectReference: {fileID: 0}
    - target: {fileID: 6606315769320735993, guid: f35c4c029b7c77a48bd8a07265b362e1,
        type: 3}
      propertyPath: m_Name
      value: Dungeon_Wall_Var1
      objectReference: {fileID: 0}
    - target: {fileID: 6606315769320735993, guid: f35c4c029b7c77a48bd8a07265b362e1,
        type: 3}
      propertyPath: m_TagString
      value: WALL
      objectReference: {fileID: 0}
    m_RemovedComponents: []
  m_SourcePrefab: {fileID: 100100000, guid: f35c4c029b7c77a48bd8a07265b362e1, type: 3}
--- !u!4 &3310099327580631908 stripped
Transform:
  m_CorrespondingSourceObject: {fileID: 6606315769320642777, guid: f35c4c029b7c77a48bd8a07265b362e1,
    type: 3}
  m_PrefabInstance: {fileID: 8521246984992517053}
  m_PrefabAsset: {fileID: 0}
