%YAML 1.1
%TAG !u! tag:unity3d.com,2011:
--- !u!1 &366111692837923701
GameObject:
  m_ObjectHideFlags: 0
  m_CorrespondingSourceObject: {fileID: 0}
  m_PrefabInstance: {fileID: 0}
  m_PrefabAsset: {fileID: 0}
  serializedVersion: 6
  m_Component:
  - component: {fileID: 366111692837923702}
  m_Layer: 0
  m_Name: 2x2NotNormalRoomTileGroup
  m_TagString: Untagged
  m_Icon: {fileID: 0}
  m_NavMeshLayer: 0
  m_StaticEditorFlags: 0
  m_IsActive: 1
--- !u!4 &366111692837923702
Transform:
  m_ObjectHideFlags: 0
  m_CorrespondingSourceObject: {fileID: 0}
  m_PrefabInstance: {fileID: 0}
  m_PrefabAsset: {fileID: 0}
  m_GameObject: {fileID: 366111692837923701}
  m_LocalRotation: {x: 0, y: 0, z: 0, w: 1}
  m_LocalPosition: {x: 0, y: 0, z: 0}
  m_LocalScale: {x: 1, y: 1, z: 1}
  m_Children:
  - {fileID: 2335820780277938781}
  - {fileID: 2335820779949817491}
  - {fileID: 2335820780263545531}
  - {fileID: 2335820780784225052}
  m_Father: {fileID: 0}
  m_RootOrder: 0
  m_LocalEulerAnglesHint: {x: 0, y: 0, z: 0}
--- !u!1001 &366111692484215259
PrefabInstance:
  m_ObjectHideFlags: 0
  serializedVersion: 2
  m_Modification:
    m_TransformParent: {fileID: 366111692837923702}
    m_Modifications:
    - target: {fileID: 2701649855225366336, guid: ca98c76ad8cdb4446a58853f41fc6a92,
        type: 3}
      propertyPath: m_Name
      value: NotNormalRoomTile (2)
      objectReference: {fileID: 0}
    - target: {fileID: 2701649855225666400, guid: ca98c76ad8cdb4446a58853f41fc6a92,
        type: 3}
      propertyPath: m_LocalPosition.x
      value: 4
      objectReference: {fileID: 0}
    - target: {fileID: 2701649855225666400, guid: ca98c76ad8cdb4446a58853f41fc6a92,
        type: 3}
      propertyPath: m_LocalPosition.y
      value: 0
      objectReference: {fileID: 0}
    - target: {fileID: 2701649855225666400, guid: ca98c76ad8cdb4446a58853f41fc6a92,
        type: 3}
      propertyPath: m_LocalPosition.z
      value: 4
      objectReference: {fileID: 0}
    - target: {fileID: 2701649855225666400, guid: ca98c76ad8cdb4446a58853f41fc6a92,
        type: 3}
      propertyPath: m_LocalRotation.x
      value: -0
      objectReference: {fileID: 0}
    - target: {fileID: 2701649855225666400, guid: ca98c76ad8cdb4446a58853f41fc6a92,
        type: 3}
      propertyPath: m_LocalRotation.y
      value: -0
      objectReference: {fileID: 0}
    - target: {fileID: 2701649855225666400, guid: ca98c76ad8cdb4446a58853f41fc6a92,
        type: 3}
      propertyPath: m_LocalRotation.z
      value: -0
      objectReference: {fileID: 0}
    - target: {fileID: 2701649855225666400, guid: ca98c76ad8cdb4446a58853f41fc6a92,
        type: 3}
      propertyPath: m_LocalRotation.w
      value: 1
      objectReference: {fileID: 0}
    - target: {fileID: 2701649855225666400, guid: ca98c76ad8cdb4446a58853f41fc6a92,
        type: 3}
      propertyPath: m_RootOrder
      value: 2
      objectReference: {fileID: 0}
    - target: {fileID: 2701649855225666400, guid: ca98c76ad8cdb4446a58853f41fc6a92,
        type: 3}
      propertyPath: m_LocalEulerAnglesHint.x
      value: 0
      objectReference: {fileID: 0}
    - target: {fileID: 2701649855225666400, guid: ca98c76ad8cdb4446a58853f41fc6a92,
        type: 3}
      propertyPath: m_LocalEulerAnglesHint.y
      value: 0
      objectReference: {fileID: 0}
    - target: {fileID: 2701649855225666400, guid: ca98c76ad8cdb4446a58853f41fc6a92,
        type: 3}
      propertyPath: m_LocalEulerAnglesHint.z
      value: 0
      objectReference: {fileID: 0}
    m_RemovedComponents: []
  m_SourcePrefab: {fileID: 100100000, guid: ca98c76ad8cdb4446a58853f41fc6a92, type: 3}
--- !u!4 &2335820780263545531 stripped
Transform:
  m_CorrespondingSourceObject: {fileID: 2701649855225666400, guid: ca98c76ad8cdb4446a58853f41fc6a92,
    type: 3}
  m_PrefabInstance: {fileID: 366111692484215259}
  m_PrefabAsset: {fileID: 0}
--- !u!1001 &366111692494938429
PrefabInstance:
  m_ObjectHideFlags: 0
  serializedVersion: 2
  m_Modification:
    m_TransformParent: {fileID: 366111692837923702}
    m_Modifications:
    - target: {fileID: 2701649855225366336, guid: ca98c76ad8cdb4446a58853f41fc6a92,
        type: 3}
      propertyPath: m_Name
      value: NotNormalRoomTile
      objectReference: {fileID: 0}
    - target: {fileID: 2701649855225666400, guid: ca98c76ad8cdb4446a58853f41fc6a92,
        type: 3}
      propertyPath: m_LocalPosition.x
      value: 4
      objectReference: {fileID: 0}
    - target: {fileID: 2701649855225666400, guid: ca98c76ad8cdb4446a58853f41fc6a92,
        type: 3}
      propertyPath: m_LocalPosition.y
      value: 0
      objectReference: {fileID: 0}
    - target: {fileID: 2701649855225666400, guid: ca98c76ad8cdb4446a58853f41fc6a92,
        type: 3}
      propertyPath: m_LocalPosition.z
      value: 0
      objectReference: {fileID: 0}
    - target: {fileID: 2701649855225666400, guid: ca98c76ad8cdb4446a58853f41fc6a92,
        type: 3}
      propertyPath: m_LocalRotation.x
      value: -0
      objectReference: {fileID: 0}
    - target: {fileID: 2701649855225666400, guid: ca98c76ad8cdb4446a58853f41fc6a92,
        type: 3}
      propertyPath: m_LocalRotation.y
      value: -0
      objectReference: {fileID: 0}
    - target: {fileID: 2701649855225666400, guid: ca98c76ad8cdb4446a58853f41fc6a92,
        type: 3}
      propertyPath: m_LocalRotation.z
      value: -0
      objectReference: {fileID: 0}
    - target: {fileID: 2701649855225666400, guid: ca98c76ad8cdb4446a58853f41fc6a92,
        type: 3}
      propertyPath: m_LocalRotation.w
      value: 1
      objectReference: {fileID: 0}
    - target: {fileID: 2701649855225666400, guid: ca98c76ad8cdb4446a58853f41fc6a92,
        type: 3}
      propertyPath: m_RootOrder
      value: 0
      objectReference: {fileID: 0}
    - target: {fileID: 2701649855225666400, guid: ca98c76ad8cdb4446a58853f41fc6a92,
        type: 3}
      propertyPath: m_LocalEulerAnglesHint.x
      value: 0
      objectReference: {fileID: 0}
    - target: {fileID: 2701649855225666400, guid: ca98c76ad8cdb4446a58853f41fc6a92,
        type: 3}
      propertyPath: m_LocalEulerAnglesHint.y
      value: 0
      objectReference: {fileID: 0}
    - target: {fileID: 2701649855225666400, guid: ca98c76ad8cdb4446a58853f41fc6a92,
        type: 3}
      propertyPath: m_LocalEulerAnglesHint.z
      value: 0
      objectReference: {fileID: 0}
    m_RemovedComponents: []
  m_SourcePrefab: {fileID: 100100000, guid: ca98c76ad8cdb4446a58853f41fc6a92, type: 3}
--- !u!4 &2335820780277938781 stripped
Transform:
  m_CorrespondingSourceObject: {fileID: 2701649855225666400, guid: ca98c76ad8cdb4446a58853f41fc6a92,
    type: 3}
  m_PrefabInstance: {fileID: 366111692494938429}
  m_PrefabAsset: {fileID: 0}
--- !u!1001 &366111692973958643
PrefabInstance:
  m_ObjectHideFlags: 0
  serializedVersion: 2
  m_Modification:
    m_TransformParent: {fileID: 366111692837923702}
    m_Modifications:
    - target: {fileID: 2701649855225366336, guid: ca98c76ad8cdb4446a58853f41fc6a92,
        type: 3}
      propertyPath: m_Name
      value: NotNormalRoomTile (1)
      objectReference: {fileID: 0}
    - target: {fileID: 2701649855225666400, guid: ca98c76ad8cdb4446a58853f41fc6a92,
        type: 3}
      propertyPath: m_LocalPosition.x
      value: 0
      objectReference: {fileID: 0}
    - target: {fileID: 2701649855225666400, guid: ca98c76ad8cdb4446a58853f41fc6a92,
        type: 3}
      propertyPath: m_LocalPosition.y
      value: 0
      objectReference: {fileID: 0}
    - target: {fileID: 2701649855225666400, guid: ca98c76ad8cdb4446a58853f41fc6a92,
        type: 3}
      propertyPath: m_LocalPosition.z
      value: 0
      objectReference: {fileID: 0}
    - target: {fileID: 2701649855225666400, guid: ca98c76ad8cdb4446a58853f41fc6a92,
        type: 3}
      propertyPath: m_LocalRotation.x
      value: -0
      objectReference: {fileID: 0}
    - target: {fileID: 2701649855225666400, guid: ca98c76ad8cdb4446a58853f41fc6a92,
        type: 3}
      propertyPath: m_LocalRotation.y
      value: -0
      objectReference: {fileID: 0}
    - target: {fileID: 2701649855225666400, guid: ca98c76ad8cdb4446a58853f41fc6a92,
        type: 3}
      propertyPath: m_LocalRotation.z
      value: -0
      objectReference: {fileID: 0}
    - target: {fileID: 2701649855225666400, guid: ca98c76ad8cdb4446a58853f41fc6a92,
        type: 3}
      propertyPath: m_LocalRotation.w
      value: 1
      objectReference: {fileID: 0}
    - target: {fileID: 2701649855225666400, guid: ca98c76ad8cdb4446a58853f41fc6a92,
        type: 3}
      propertyPath: m_RootOrder
      value: 1
      objectReference: {fileID: 0}
    - target: {fileID: 2701649855225666400, guid: ca98c76ad8cdb4446a58853f41fc6a92,
        type: 3}
      propertyPath: m_LocalEulerAnglesHint.x
      value: 0
      objectReference: {fileID: 0}
    - target: {fileID: 2701649855225666400, guid: ca98c76ad8cdb4446a58853f41fc6a92,
        type: 3}
      propertyPath: m_LocalEulerAnglesHint.y
      value: 0
      objectReference: {fileID: 0}
    - target: {fileID: 2701649855225666400, guid: ca98c76ad8cdb4446a58853f41fc6a92,
        type: 3}
      propertyPath: m_LocalEulerAnglesHint.z
      value: 0
      objectReference: {fileID: 0}
    m_RemovedComponents: []
  m_SourcePrefab: {fileID: 100100000, guid: ca98c76ad8cdb4446a58853f41fc6a92, type: 3}
--- !u!4 &2335820779949817491 stripped
Transform:
  m_CorrespondingSourceObject: {fileID: 2701649855225666400, guid: ca98c76ad8cdb4446a58853f41fc6a92,
    type: 3}
  m_PrefabInstance: {fileID: 366111692973958643}
  m_PrefabAsset: {fileID: 0}
--- !u!1001 &366111694078382204
PrefabInstance:
  m_ObjectHideFlags: 0
  serializedVersion: 2
  m_Modification:
    m_TransformParent: {fileID: 366111692837923702}
    m_Modifications:
    - target: {fileID: 2701649855225366336, guid: ca98c76ad8cdb4446a58853f41fc6a92,
        type: 3}
      propertyPath: m_Name
      value: NotNormalRoomTile (3)
      objectReference: {fileID: 0}
    - target: {fileID: 2701649855225666400, guid: ca98c76ad8cdb4446a58853f41fc6a92,
        type: 3}
      propertyPath: m_LocalPosition.x
      value: 0
      objectReference: {fileID: 0}
    - target: {fileID: 2701649855225666400, guid: ca98c76ad8cdb4446a58853f41fc6a92,
        type: 3}
      propertyPath: m_LocalPosition.y
      value: 0
      objectReference: {fileID: 0}
    - target: {fileID: 2701649855225666400, guid: ca98c76ad8cdb4446a58853f41fc6a92,
        type: 3}
      propertyPath: m_LocalPosition.z
      value: 4
      objectReference: {fileID: 0}
    - target: {fileID: 2701649855225666400, guid: ca98c76ad8cdb4446a58853f41fc6a92,
        type: 3}
      propertyPath: m_LocalRotation.x
      value: -0
      objectReference: {fileID: 0}
    - target: {fileID: 2701649855225666400, guid: ca98c76ad8cdb4446a58853f41fc6a92,
        type: 3}
      propertyPath: m_LocalRotation.y
      value: -0
      objectReference: {fileID: 0}
    - target: {fileID: 2701649855225666400, guid: ca98c76ad8cdb4446a58853f41fc6a92,
        type: 3}
      propertyPath: m_LocalRotation.z
      value: -0
      objectReference: {fileID: 0}
    - target: {fileID: 2701649855225666400, guid: ca98c76ad8cdb4446a58853f41fc6a92,
        type: 3}
      propertyPath: m_LocalRotation.w
      value: 1
      objectReference: {fileID: 0}
    - target: {fileID: 2701649855225666400, guid: ca98c76ad8cdb4446a58853f41fc6a92,
        type: 3}
      propertyPath: m_RootOrder
      value: 3
      objectReference: {fileID: 0}
    - target: {fileID: 2701649855225666400, guid: ca98c76ad8cdb4446a58853f41fc6a92,
        type: 3}
      propertyPath: m_LocalEulerAnglesHint.x
      value: 0
      objectReference: {fileID: 0}
    - target: {fileID: 2701649855225666400, guid: ca98c76ad8cdb4446a58853f41fc6a92,
        type: 3}
      propertyPath: m_LocalEulerAnglesHint.y
      value: 0
      objectReference: {fileID: 0}
    - target: {fileID: 2701649855225666400, guid: ca98c76ad8cdb4446a58853f41fc6a92,
        type: 3}
      propertyPath: m_LocalEulerAnglesHint.z
      value: 0
      objectReference: {fileID: 0}
    m_RemovedComponents: []
  m_SourcePrefab: {fileID: 100100000, guid: ca98c76ad8cdb4446a58853f41fc6a92, type: 3}
--- !u!4 &2335820780784225052 stripped
Transform:
  m_CorrespondingSourceObject: {fileID: 2701649855225666400, guid: ca98c76ad8cdb4446a58853f41fc6a92,
    type: 3}
  m_PrefabInstance: {fileID: 366111694078382204}
  m_PrefabAsset: {fileID: 0}
