%YAML 1.1
%TAG !u! tag:unity3d.com,2011:
--- !u!1 &6701393389257869586
GameObject:
  m_ObjectHideFlags: 0
  m_CorrespondingSourceObject: {fileID: 0}
  m_PrefabInstance: {fileID: 0}
  m_PrefabAsset: {fileID: 0}
  serializedVersion: 6
  m_Component:
  - component: {fileID: 2250110932050924909}
  m_Layer: 0
  m_Name: 6x6NotNormalRoomTileGroup
  m_TagString: Untagged
  m_Icon: {fileID: 0}
  m_NavMeshLayer: 0
  m_StaticEditorFlags: 0
  m_IsActive: 1
--- !u!4 &2250110932050924909
Transform:
  m_ObjectHideFlags: 0
  m_CorrespondingSourceObject: {fileID: 0}
  m_PrefabInstance: {fileID: 0}
  m_PrefabAsset: {fileID: 0}
  m_GameObject: {fileID: 6701393389257869586}
  m_LocalRotation: {x: 0, y: 0, z: 0, w: 1}
  m_LocalPosition: {x: 0, y: 0, z: 0}
  m_LocalScale: {x: 1, y: 1, z: 1}
  m_Children:
  - {fileID: 2597843295086758170}
  - {fileID: 2632104629948709262}
  - {fileID: 1856295584795570278}
  - {fileID: 5448261840486782621}
  - {fileID: 2684086472967410861}
  - {fileID: 8703731732103125770}
  m_Father: {fileID: 0}
  m_RootOrder: 0
  m_LocalEulerAnglesHint: {x: 0, y: 0, z: 0}
--- !u!1001 &227207100902436209
PrefabInstance:
  m_ObjectHideFlags: 0
  serializedVersion: 2
  m_Modification:
    m_TransformParent: {fileID: 2250110932050924909}
    m_Modifications:
    - target: {fileID: 2048033341553924287, guid: ee09e1d6993e35f489c01d4488720e8e,
        type: 3}
      propertyPath: m_Name
      value: 4x4NotNormalRoomTileGroup
      objectReference: {fileID: 0}
    - target: {fileID: 8930337082315978363, guid: ee09e1d6993e35f489c01d4488720e8e,
        type: 3}
      propertyPath: m_LocalPosition.x
      value: 0
      objectReference: {fileID: 0}
    - target: {fileID: 8930337082315978363, guid: ee09e1d6993e35f489c01d4488720e8e,
        type: 3}
      propertyPath: m_LocalPosition.y
      value: 0
      objectReference: {fileID: 0}
    - target: {fileID: 8930337082315978363, guid: ee09e1d6993e35f489c01d4488720e8e,
        type: 3}
      propertyPath: m_LocalPosition.z
      value: 0
      objectReference: {fileID: 0}
    - target: {fileID: 8930337082315978363, guid: ee09e1d6993e35f489c01d4488720e8e,
        type: 3}
      propertyPath: m_LocalRotation.x
      value: 0
      objectReference: {fileID: 0}
    - target: {fileID: 8930337082315978363, guid: ee09e1d6993e35f489c01d4488720e8e,
        type: 3}
      propertyPath: m_LocalRotation.y
      value: 0
      objectReference: {fileID: 0}
    - target: {fileID: 8930337082315978363, guid: ee09e1d6993e35f489c01d4488720e8e,
        type: 3}
      propertyPath: m_LocalRotation.z
      value: 0
      objectReference: {fileID: 0}
    - target: {fileID: 8930337082315978363, guid: ee09e1d6993e35f489c01d4488720e8e,
        type: 3}
      propertyPath: m_LocalRotation.w
      value: 1
      objectReference: {fileID: 0}
    - target: {fileID: 8930337082315978363, guid: ee09e1d6993e35f489c01d4488720e8e,
        type: 3}
      propertyPath: m_RootOrder
      value: 5
      objectReference: {fileID: 0}
    - target: {fileID: 8930337082315978363, guid: ee09e1d6993e35f489c01d4488720e8e,
        type: 3}
      propertyPath: m_LocalEulerAnglesHint.x
      value: 0
      objectReference: {fileID: 0}
    - target: {fileID: 8930337082315978363, guid: ee09e1d6993e35f489c01d4488720e8e,
        type: 3}
      propertyPath: m_LocalEulerAnglesHint.y
      value: 0
      objectReference: {fileID: 0}
    - target: {fileID: 8930337082315978363, guid: ee09e1d6993e35f489c01d4488720e8e,
        type: 3}
      propertyPath: m_LocalEulerAnglesHint.z
      value: 0
      objectReference: {fileID: 0}
    m_RemovedComponents: []
  m_SourcePrefab: {fileID: 100100000, guid: ee09e1d6993e35f489c01d4488720e8e, type: 3}
--- !u!4 &8703731732103125770 stripped
Transform:
  m_CorrespondingSourceObject: {fileID: 8930337082315978363, guid: ee09e1d6993e35f489c01d4488720e8e,
    type: 3}
  m_PrefabInstance: {fileID: 227207100902436209}
  m_PrefabAsset: {fileID: 0}
--- !u!1001 &2077938827907111696
PrefabInstance:
  m_ObjectHideFlags: 0
  serializedVersion: 2
  m_Modification:
    m_TransformParent: {fileID: 2250110932050924909}
    m_Modifications:
    - target: {fileID: 366111692837923701, guid: b12427816a7ee9d4bb11d7bfb0c11cda,
        type: 3}
      propertyPath: m_Name
      value: 2x2NotNormalRoomTileGroup (2)
      objectReference: {fileID: 0}
    - target: {fileID: 366111692837923702, guid: b12427816a7ee9d4bb11d7bfb0c11cda,
        type: 3}
      propertyPath: m_LocalPosition.x
      value: 14
      objectReference: {fileID: 0}
    - target: {fileID: 366111692837923702, guid: b12427816a7ee9d4bb11d7bfb0c11cda,
        type: 3}
      propertyPath: m_LocalPosition.y
      value: 0
      objectReference: {fileID: 0}
    - target: {fileID: 366111692837923702, guid: b12427816a7ee9d4bb11d7bfb0c11cda,
        type: 3}
      propertyPath: m_LocalPosition.z
      value: 14
      objectReference: {fileID: 0}
    - target: {fileID: 366111692837923702, guid: b12427816a7ee9d4bb11d7bfb0c11cda,
        type: 3}
      propertyPath: m_LocalRotation.x
      value: 0
      objectReference: {fileID: 0}
    - target: {fileID: 366111692837923702, guid: b12427816a7ee9d4bb11d7bfb0c11cda,
        type: 3}
      propertyPath: m_LocalRotation.y
      value: 0
      objectReference: {fileID: 0}
    - target: {fileID: 366111692837923702, guid: b12427816a7ee9d4bb11d7bfb0c11cda,
        type: 3}
      propertyPath: m_LocalRotation.z
      value: 0
      objectReference: {fileID: 0}
    - target: {fileID: 366111692837923702, guid: b12427816a7ee9d4bb11d7bfb0c11cda,
        type: 3}
      propertyPath: m_LocalRotation.w
      value: 1
      objectReference: {fileID: 0}
    - target: {fileID: 366111692837923702, guid: b12427816a7ee9d4bb11d7bfb0c11cda,
        type: 3}
      propertyPath: m_RootOrder
      value: 2
      objectReference: {fileID: 0}
    - target: {fileID: 366111692837923702, guid: b12427816a7ee9d4bb11d7bfb0c11cda,
        type: 3}
      propertyPath: m_LocalEulerAnglesHint.x
      value: 0
      objectReference: {fileID: 0}
    - target: {fileID: 366111692837923702, guid: b12427816a7ee9d4bb11d7bfb0c11cda,
        type: 3}
      propertyPath: m_LocalEulerAnglesHint.y
      value: 0
      objectReference: {fileID: 0}
    - target: {fileID: 366111692837923702, guid: b12427816a7ee9d4bb11d7bfb0c11cda,
        type: 3}
      propertyPath: m_LocalEulerAnglesHint.z
      value: 0
      objectReference: {fileID: 0}
    m_RemovedComponents: []
  m_SourcePrefab: {fileID: 100100000, guid: b12427816a7ee9d4bb11d7bfb0c11cda, type: 3}
--- !u!4 &1856295584795570278 stripped
Transform:
  m_CorrespondingSourceObject: {fileID: 366111692837923702, guid: b12427816a7ee9d4bb11d7bfb0c11cda,
    type: 3}
  m_PrefabInstance: {fileID: 2077938827907111696}
  m_PrefabAsset: {fileID: 0}
--- !u!1001 &2318081432760614875
PrefabInstance:
  m_ObjectHideFlags: 0
  serializedVersion: 2
  m_Modification:
    m_TransformParent: {fileID: 2250110932050924909}
    m_Modifications:
    - target: {fileID: 366111692837923701, guid: b12427816a7ee9d4bb11d7bfb0c11cda,
        type: 3}
      propertyPath: m_Name
      value: 2x2NotNormalRoomTileGroup (4)
      objectReference: {fileID: 0}
    - target: {fileID: 366111692837923702, guid: b12427816a7ee9d4bb11d7bfb0c11cda,
        type: 3}
      propertyPath: m_LocalPosition.x
      value: -2
      objectReference: {fileID: 0}
    - target: {fileID: 366111692837923702, guid: b12427816a7ee9d4bb11d7bfb0c11cda,
        type: 3}
      propertyPath: m_LocalPosition.y
      value: 0
      objectReference: {fileID: 0}
    - target: {fileID: 366111692837923702, guid: b12427816a7ee9d4bb11d7bfb0c11cda,
        type: 3}
      propertyPath: m_LocalPosition.z
      value: 14
      objectReference: {fileID: 0}
    - target: {fileID: 366111692837923702, guid: b12427816a7ee9d4bb11d7bfb0c11cda,
        type: 3}
      propertyPath: m_LocalRotation.x
      value: 0
      objectReference: {fileID: 0}
    - target: {fileID: 366111692837923702, guid: b12427816a7ee9d4bb11d7bfb0c11cda,
        type: 3}
      propertyPath: m_LocalRotation.y
      value: 0
      objectReference: {fileID: 0}
    - target: {fileID: 366111692837923702, guid: b12427816a7ee9d4bb11d7bfb0c11cda,
        type: 3}
      propertyPath: m_LocalRotation.z
      value: 0
      objectReference: {fileID: 0}
    - target: {fileID: 366111692837923702, guid: b12427816a7ee9d4bb11d7bfb0c11cda,
        type: 3}
      propertyPath: m_LocalRotation.w
      value: 1
      objectReference: {fileID: 0}
    - target: {fileID: 366111692837923702, guid: b12427816a7ee9d4bb11d7bfb0c11cda,
        type: 3}
      propertyPath: m_RootOrder
      value: 4
      objectReference: {fileID: 0}
    - target: {fileID: 366111692837923702, guid: b12427816a7ee9d4bb11d7bfb0c11cda,
        type: 3}
      propertyPath: m_LocalEulerAnglesHint.x
      value: 0
      objectReference: {fileID: 0}
    - target: {fileID: 366111692837923702, guid: b12427816a7ee9d4bb11d7bfb0c11cda,
        type: 3}
      propertyPath: m_LocalEulerAnglesHint.y
      value: 0
      objectReference: {fileID: 0}
    - target: {fileID: 366111692837923702, guid: b12427816a7ee9d4bb11d7bfb0c11cda,
        type: 3}
      propertyPath: m_LocalEulerAnglesHint.z
      value: 0
      objectReference: {fileID: 0}
    m_RemovedComponents: []
  m_SourcePrefab: {fileID: 100100000, guid: b12427816a7ee9d4bb11d7bfb0c11cda, type: 3}
--- !u!4 &2684086472967410861 stripped
Transform:
  m_CorrespondingSourceObject: {fileID: 366111692837923702, guid: b12427816a7ee9d4bb11d7bfb0c11cda,
    type: 3}
  m_PrefabInstance: {fileID: 2318081432760614875}
  m_PrefabAsset: {fileID: 0}
--- !u!1001 &2385170658263720556
PrefabInstance:
  m_ObjectHideFlags: 0
  serializedVersion: 2
  m_Modification:
    m_TransformParent: {fileID: 2250110932050924909}
    m_Modifications:
    - target: {fileID: 366111692837923701, guid: b12427816a7ee9d4bb11d7bfb0c11cda,
        type: 3}
      propertyPath: m_Name
      value: 2x2NotNormalRoomTileGroup
      objectReference: {fileID: 0}
    - target: {fileID: 366111692837923702, guid: b12427816a7ee9d4bb11d7bfb0c11cda,
        type: 3}
      propertyPath: m_LocalPosition.x
      value: 14
      objectReference: {fileID: 0}
    - target: {fileID: 366111692837923702, guid: b12427816a7ee9d4bb11d7bfb0c11cda,
        type: 3}
      propertyPath: m_LocalPosition.y
      value: 0
      objectReference: {fileID: 0}
    - target: {fileID: 366111692837923702, guid: b12427816a7ee9d4bb11d7bfb0c11cda,
        type: 3}
      propertyPath: m_LocalPosition.z
      value: -2
      objectReference: {fileID: 0}
    - target: {fileID: 366111692837923702, guid: b12427816a7ee9d4bb11d7bfb0c11cda,
        type: 3}
      propertyPath: m_LocalRotation.x
      value: 0
      objectReference: {fileID: 0}
    - target: {fileID: 366111692837923702, guid: b12427816a7ee9d4bb11d7bfb0c11cda,
        type: 3}
      propertyPath: m_LocalRotation.y
      value: 0
      objectReference: {fileID: 0}
    - target: {fileID: 366111692837923702, guid: b12427816a7ee9d4bb11d7bfb0c11cda,
        type: 3}
      propertyPath: m_LocalRotation.z
      value: 0
      objectReference: {fileID: 0}
    - target: {fileID: 366111692837923702, guid: b12427816a7ee9d4bb11d7bfb0c11cda,
        type: 3}
      propertyPath: m_LocalRotation.w
      value: 1
      objectReference: {fileID: 0}
    - target: {fileID: 366111692837923702, guid: b12427816a7ee9d4bb11d7bfb0c11cda,
        type: 3}
      propertyPath: m_RootOrder
      value: 0
      objectReference: {fileID: 0}
    - target: {fileID: 366111692837923702, guid: b12427816a7ee9d4bb11d7bfb0c11cda,
        type: 3}
      propertyPath: m_LocalEulerAnglesHint.x
      value: 0
      objectReference: {fileID: 0}
    - target: {fileID: 366111692837923702, guid: b12427816a7ee9d4bb11d7bfb0c11cda,
        type: 3}
      propertyPath: m_LocalEulerAnglesHint.y
      value: 0
      objectReference: {fileID: 0}
    - target: {fileID: 366111692837923702, guid: b12427816a7ee9d4bb11d7bfb0c11cda,
        type: 3}
      propertyPath: m_LocalEulerAnglesHint.z
      value: 0
      objectReference: {fileID: 0}
    m_RemovedComponents: []
  m_SourcePrefab: {fileID: 100100000, guid: b12427816a7ee9d4bb11d7bfb0c11cda, type: 3}
--- !u!4 &2597843295086758170 stripped
Transform:
  m_CorrespondingSourceObject: {fileID: 366111692837923702, guid: b12427816a7ee9d4bb11d7bfb0c11cda,
    type: 3}
  m_PrefabInstance: {fileID: 2385170658263720556}
  m_PrefabAsset: {fileID: 0}
--- !u!1001 &2419468268218110712
PrefabInstance:
  m_ObjectHideFlags: 0
  serializedVersion: 2
  m_Modification:
    m_TransformParent: {fileID: 2250110932050924909}
    m_Modifications:
    - target: {fileID: 366111692837923701, guid: b12427816a7ee9d4bb11d7bfb0c11cda,
        type: 3}
      propertyPath: m_Name
      value: 2x2NotNormalRoomTileGroup (1)
      objectReference: {fileID: 0}
    - target: {fileID: 366111692837923702, guid: b12427816a7ee9d4bb11d7bfb0c11cda,
        type: 3}
      propertyPath: m_LocalPosition.x
      value: 14
      objectReference: {fileID: 0}
    - target: {fileID: 366111692837923702, guid: b12427816a7ee9d4bb11d7bfb0c11cda,
        type: 3}
      propertyPath: m_LocalPosition.y
      value: 0
      objectReference: {fileID: 0}
    - target: {fileID: 366111692837923702, guid: b12427816a7ee9d4bb11d7bfb0c11cda,
        type: 3}
      propertyPath: m_LocalPosition.z
      value: 6
      objectReference: {fileID: 0}
    - target: {fileID: 366111692837923702, guid: b12427816a7ee9d4bb11d7bfb0c11cda,
        type: 3}
      propertyPath: m_LocalRotation.x
      value: 0
      objectReference: {fileID: 0}
    - target: {fileID: 366111692837923702, guid: b12427816a7ee9d4bb11d7bfb0c11cda,
        type: 3}
      propertyPath: m_LocalRotation.y
      value: 0
      objectReference: {fileID: 0}
    - target: {fileID: 366111692837923702, guid: b12427816a7ee9d4bb11d7bfb0c11cda,
        type: 3}
      propertyPath: m_LocalRotation.z
      value: 0
      objectReference: {fileID: 0}
    - target: {fileID: 366111692837923702, guid: b12427816a7ee9d4bb11d7bfb0c11cda,
        type: 3}
      propertyPath: m_LocalRotation.w
      value: 1
      objectReference: {fileID: 0}
    - target: {fileID: 366111692837923702, guid: b12427816a7ee9d4bb11d7bfb0c11cda,
        type: 3}
      propertyPath: m_RootOrder
      value: 1
      objectReference: {fileID: 0}
    - target: {fileID: 366111692837923702, guid: b12427816a7ee9d4bb11d7bfb0c11cda,
        type: 3}
      propertyPath: m_LocalEulerAnglesHint.x
      value: 0
      objectReference: {fileID: 0}
    - target: {fileID: 366111692837923702, guid: b12427816a7ee9d4bb11d7bfb0c11cda,
        type: 3}
      propertyPath: m_LocalEulerAnglesHint.y
      value: 0
      objectReference: {fileID: 0}
    - target: {fileID: 366111692837923702, guid: b12427816a7ee9d4bb11d7bfb0c11cda,
        type: 3}
      propertyPath: m_LocalEulerAnglesHint.z
      value: 0
      objectReference: {fileID: 0}
    m_RemovedComponents: []
  m_SourcePrefab: {fileID: 100100000, guid: b12427816a7ee9d4bb11d7bfb0c11cda, type: 3}
--- !u!4 &2632104629948709262 stripped
Transform:
  m_CorrespondingSourceObject: {fileID: 366111692837923702, guid: b12427816a7ee9d4bb11d7bfb0c11cda,
    type: 3}
  m_PrefabInstance: {fileID: 2419468268218110712}
  m_PrefabAsset: {fileID: 0}
--- !u!1001 &5658964118137175531
PrefabInstance:
  m_ObjectHideFlags: 0
  serializedVersion: 2
  m_Modification:
    m_TransformParent: {fileID: 2250110932050924909}
    m_Modifications:
    - target: {fileID: 366111692837923701, guid: b12427816a7ee9d4bb11d7bfb0c11cda,
        type: 3}
      propertyPath: m_Name
      value: 2x2NotNormalRoomTileGroup (3)
      objectReference: {fileID: 0}
    - target: {fileID: 366111692837923702, guid: b12427816a7ee9d4bb11d7bfb0c11cda,
        type: 3}
      propertyPath: m_LocalPosition.x
      value: 6
      objectReference: {fileID: 0}
    - target: {fileID: 366111692837923702, guid: b12427816a7ee9d4bb11d7bfb0c11cda,
        type: 3}
      propertyPath: m_LocalPosition.y
      value: 0
      objectReference: {fileID: 0}
    - target: {fileID: 366111692837923702, guid: b12427816a7ee9d4bb11d7bfb0c11cda,
        type: 3}
      propertyPath: m_LocalPosition.z
      value: 14
      objectReference: {fileID: 0}
    - target: {fileID: 366111692837923702, guid: b12427816a7ee9d4bb11d7bfb0c11cda,
        type: 3}
      propertyPath: m_LocalRotation.x
      value: 0
      objectReference: {fileID: 0}
    - target: {fileID: 366111692837923702, guid: b12427816a7ee9d4bb11d7bfb0c11cda,
        type: 3}
      propertyPath: m_LocalRotation.y
      value: 0
      objectReference: {fileID: 0}
    - target: {fileID: 366111692837923702, guid: b12427816a7ee9d4bb11d7bfb0c11cda,
        type: 3}
      propertyPath: m_LocalRotation.z
      value: 0
      objectReference: {fileID: 0}
    - target: {fileID: 366111692837923702, guid: b12427816a7ee9d4bb11d7bfb0c11cda,
        type: 3}
      propertyPath: m_LocalRotation.w
      value: 1
      objectReference: {fileID: 0}
    - target: {fileID: 366111692837923702, guid: b12427816a7ee9d4bb11d7bfb0c11cda,
        type: 3}
      propertyPath: m_RootOrder
      value: 3
      objectReference: {fileID: 0}
    - target: {fileID: 366111692837923702, guid: b12427816a7ee9d4bb11d7bfb0c11cda,
        type: 3}
      propertyPath: m_LocalEulerAnglesHint.x
      value: 0
      objectReference: {fileID: 0}
    - target: {fileID: 366111692837923702, guid: b12427816a7ee9d4bb11d7bfb0c11cda,
        type: 3}
      propertyPath: m_LocalEulerAnglesHint.y
      value: 0
      objectReference: {fileID: 0}
    - target: {fileID: 366111692837923702, guid: b12427816a7ee9d4bb11d7bfb0c11cda,
        type: 3}
      propertyPath: m_LocalEulerAnglesHint.z
      value: 0
      objectReference: {fileID: 0}
    m_RemovedComponents: []
  m_SourcePrefab: {fileID: 100100000, guid: b12427816a7ee9d4bb11d7bfb0c11cda, type: 3}
--- !u!4 &5448261840486782621 stripped
Transform:
  m_CorrespondingSourceObject: {fileID: 366111692837923702, guid: b12427816a7ee9d4bb11d7bfb0c11cda,
    type: 3}
  m_PrefabInstance: {fileID: 5658964118137175531}
  m_PrefabAsset: {fileID: 0}
