%YAML 1.1
%TAG !u! tag:unity3d.com,2011:
--- !u!1 &865722318820487680
GameObject:
  m_ObjectHideFlags: 0
  m_CorrespondingSourceObject: {fileID: 0}
  m_PrefabInstance: {fileID: 0}
  m_PrefabAsset: {fileID: 0}
  serializedVersion: 6
  m_Component:
  - component: {fileID: 6492178632319597794}
  - component: {fileID: 5422533702441929637}
  m_Layer: 0
  m_Name: NormalRoom3
  m_TagString: Untagged
  m_Icon: {fileID: 0}
  m_NavMeshLayer: 0
  m_StaticEditorFlags: 0
  m_IsActive: 1
--- !u!4 &6492178632319597794
Transform:
  m_ObjectHideFlags: 0
  m_CorrespondingSourceObject: {fileID: 0}
  m_PrefabInstance: {fileID: 0}
  m_PrefabAsset: {fileID: 0}
  m_GameObject: {fileID: 865722318820487680}
  m_LocalRotation: {x: 0, y: 0, z: 0, w: 1}
  m_LocalPosition: {x: 0, y: 0, z: 0}
  m_LocalScale: {x: 1, y: 1, z: 1}
  m_Children:
  - {fileID: 797696866408310470}
  - {fileID: 3694300095373018599}
  - {fileID: 7483060307565287354}
  m_Father: {fileID: 0}
  m_RootOrder: 0
  m_LocalEulerAnglesHint: {x: 0, y: 0, z: 0}
--- !u!114 &5422533702441929637
MonoBehaviour:
  m_ObjectHideFlags: 0
  m_CorrespondingSourceObject: {fileID: 0}
  m_PrefabInstance: {fileID: 0}
  m_PrefabAsset: {fileID: 0}
  m_GameObject: {fileID: 865722318820487680}
  m_Enabled: 1
  m_EditorHideFlags: 0
  m_Script: {fileID: 11500000, guid: 7a5ac11cc976e418e8d13136b07e1f52, type: 3}
  m_Name: 
  m_EditorClassIdentifier: 
  m_AgentTypeID: 0
  m_CollectObjects: 0
  m_Size: {x: 10, y: 10, z: 10}
  m_Center: {x: 0, y: 2, z: 0}
  m_LayerMask:
    serializedVersion: 2
    m_Bits: 4294967295
  m_UseGeometry: 0
  m_DefaultArea: 0
  m_IgnoreNavMeshAgent: 1
  m_IgnoreNavMeshObstacle: 1
  m_OverrideTileSize: 0
  m_TileSize: 256
  m_OverrideVoxelSize: 0
  m_VoxelSize: 0.16666667
  m_BuildHeightMesh: 0
  m_NavMeshData: {fileID: 23800000, guid: 6e7a1bfca3704d04ba56300918ca4d54, type: 2}
--- !u!1 &5933472474211501887
GameObject:
  m_ObjectHideFlags: 0
  m_CorrespondingSourceObject: {fileID: 0}
  m_PrefabInstance: {fileID: 0}
  m_PrefabAsset: {fileID: 0}
  serializedVersion: 6
  m_Component:
  - component: {fileID: 797696866408310470}
  m_Layer: 0
  m_Name: PillarGroup
  m_TagString: Untagged
  m_Icon: {fileID: 0}
  m_NavMeshLayer: 0
  m_StaticEditorFlags: 0
  m_IsActive: 1
--- !u!4 &797696866408310470
Transform:
  m_ObjectHideFlags: 0
  m_CorrespondingSourceObject: {fileID: 0}
  m_PrefabInstance: {fileID: 0}
  m_PrefabAsset: {fileID: 0}
  m_GameObject: {fileID: 5933472474211501887}
  m_LocalRotation: {x: -0, y: -0, z: -0, w: 1}
  m_LocalPosition: {x: 28, y: -2, z: 28}
  m_LocalScale: {x: 1, y: 1, z: 1}
  m_Children:
  - {fileID: 4224870113206870627}
  - {fileID: 378582131710677474}
  - {fileID: 7818586154064317365}
  - {fileID: 3655674463573411589}
  - {fileID: 4165489115938979477}
  - {fileID: 6477942816635114722}
  - {fileID: 391484200428375295}
  - {fileID: 1138769224898262565}
  - {fileID: 4847662911347162361}
  - {fileID: 3680716459513744371}
  m_Father: {fileID: 6492178632319597794}
  m_RootOrder: 0
  m_LocalEulerAnglesHint: {x: 0, y: 0, z: 0}
--- !u!1001 &399288536704099282
PrefabInstance:
  m_ObjectHideFlags: 0
  serializedVersion: 2
  m_Modification:
    m_TransformParent: {fileID: 797696866408310470}
    m_Modifications:
    - target: {fileID: 4342671295866585447, guid: 27f210ed52b6c0f409f410ac194d0a7c,
        type: 3}
      propertyPath: m_Name
      value: Pillar (3)
      objectReference: {fileID: 0}
    - target: {fileID: 4342671295866887495, guid: 27f210ed52b6c0f409f410ac194d0a7c,
        type: 3}
      propertyPath: m_LocalPosition.x
      value: -15
      objectReference: {fileID: 0}
    - target: {fileID: 4342671295866887495, guid: 27f210ed52b6c0f409f410ac194d0a7c,
        type: 3}
      propertyPath: m_LocalPosition.y
      value: 2
      objectReference: {fileID: 0}
    - target: {fileID: 4342671295866887495, guid: 27f210ed52b6c0f409f410ac194d0a7c,
        type: 3}
      propertyPath: m_LocalPosition.z
      value: 0
      objectReference: {fileID: 0}
    - target: {fileID: 4342671295866887495, guid: 27f210ed52b6c0f409f410ac194d0a7c,
        type: 3}
      propertyPath: m_LocalRotation.x
      value: -0.7071068
      objectReference: {fileID: 0}
    - target: {fileID: 4342671295866887495, guid: 27f210ed52b6c0f409f410ac194d0a7c,
        type: 3}
      propertyPath: m_LocalRotation.y
      value: -0
      objectReference: {fileID: 0}
    - target: {fileID: 4342671295866887495, guid: 27f210ed52b6c0f409f410ac194d0a7c,
        type: 3}
      propertyPath: m_LocalRotation.z
      value: -0
      objectReference: {fileID: 0}
    - target: {fileID: 4342671295866887495, guid: 27f210ed52b6c0f409f410ac194d0a7c,
        type: 3}
      propertyPath: m_LocalRotation.w
      value: 0.7071068
      objectReference: {fileID: 0}
    - target: {fileID: 4342671295866887495, guid: 27f210ed52b6c0f409f410ac194d0a7c,
        type: 3}
      propertyPath: m_RootOrder
      value: 4
      objectReference: {fileID: 0}
    - target: {fileID: 4342671295866887495, guid: 27f210ed52b6c0f409f410ac194d0a7c,
        type: 3}
      propertyPath: m_LocalEulerAnglesHint.x
      value: -90
      objectReference: {fileID: 0}
    - target: {fileID: 4342671295866887495, guid: 27f210ed52b6c0f409f410ac194d0a7c,
        type: 3}
      propertyPath: m_LocalEulerAnglesHint.y
      value: 0
      objectReference: {fileID: 0}
    - target: {fileID: 4342671295866887495, guid: 27f210ed52b6c0f409f410ac194d0a7c,
        type: 3}
      propertyPath: m_LocalEulerAnglesHint.z
      value: 0
      objectReference: {fileID: 0}
    - target: {fileID: 4342671295866887495, guid: 27f210ed52b6c0f409f410ac194d0a7c,
        type: 3}
      propertyPath: m_LocalScale.y
      value: 300
      objectReference: {fileID: 0}
    - target: {fileID: 4342671295866887495, guid: 27f210ed52b6c0f409f410ac194d0a7c,
        type: 3}
      propertyPath: m_LocalScale.z
      value: 200.00018
      objectReference: {fileID: 0}
    - target: {fileID: 4342671295866887495, guid: 27f210ed52b6c0f409f410ac194d0a7c,
        type: 3}
      propertyPath: m_LocalScale.x
      value: 300
      objectReference: {fileID: 0}
    m_RemovedComponents: []
  m_SourcePrefab: {fileID: 100100000, guid: 27f210ed52b6c0f409f410ac194d0a7c, type: 3}
--- !u!4 &4165489115938979477 stripped
Transform:
  m_CorrespondingSourceObject: {fileID: 4342671295866887495, guid: 27f210ed52b6c0f409f410ac194d0a7c,
    type: 3}
  m_PrefabInstance: {fileID: 399288536704099282}
  m_PrefabAsset: {fileID: 0}
--- !u!1001 &496948964184194852
PrefabInstance:
  m_ObjectHideFlags: 0
  serializedVersion: 2
  m_Modification:
    m_TransformParent: {fileID: 797696866408310470}
    m_Modifications:
    - target: {fileID: 4342671295866585447, guid: 27f210ed52b6c0f409f410ac194d0a7c,
        type: 3}
      propertyPath: m_Name
      value: Pillar
      objectReference: {fileID: 0}
    - target: {fileID: 4342671295866887495, guid: 27f210ed52b6c0f409f410ac194d0a7c,
        type: 3}
      propertyPath: m_LocalPosition.x
      value: -15
      objectReference: {fileID: 0}
    - target: {fileID: 4342671295866887495, guid: 27f210ed52b6c0f409f410ac194d0a7c,
        type: 3}
      propertyPath: m_LocalPosition.y
      value: 2
      objectReference: {fileID: 0}
    - target: {fileID: 4342671295866887495, guid: 27f210ed52b6c0f409f410ac194d0a7c,
        type: 3}
      propertyPath: m_LocalPosition.z
      value: 20
      objectReference: {fileID: 0}
    - target: {fileID: 4342671295866887495, guid: 27f210ed52b6c0f409f410ac194d0a7c,
        type: 3}
      propertyPath: m_LocalRotation.x
      value: -0.7071068
      objectReference: {fileID: 0}
    - target: {fileID: 4342671295866887495, guid: 27f210ed52b6c0f409f410ac194d0a7c,
        type: 3}
      propertyPath: m_LocalRotation.y
      value: -0
      objectReference: {fileID: 0}
    - target: {fileID: 4342671295866887495, guid: 27f210ed52b6c0f409f410ac194d0a7c,
        type: 3}
      propertyPath: m_LocalRotation.z
      value: -0
      objectReference: {fileID: 0}
    - target: {fileID: 4342671295866887495, guid: 27f210ed52b6c0f409f410ac194d0a7c,
        type: 3}
      propertyPath: m_LocalRotation.w
      value: 0.7071068
      objectReference: {fileID: 0}
    - target: {fileID: 4342671295866887495, guid: 27f210ed52b6c0f409f410ac194d0a7c,
        type: 3}
      propertyPath: m_RootOrder
      value: 0
      objectReference: {fileID: 0}
    - target: {fileID: 4342671295866887495, guid: 27f210ed52b6c0f409f410ac194d0a7c,
        type: 3}
      propertyPath: m_LocalEulerAnglesHint.x
      value: -90
      objectReference: {fileID: 0}
    - target: {fileID: 4342671295866887495, guid: 27f210ed52b6c0f409f410ac194d0a7c,
        type: 3}
      propertyPath: m_LocalEulerAnglesHint.y
      value: 0
      objectReference: {fileID: 0}
    - target: {fileID: 4342671295866887495, guid: 27f210ed52b6c0f409f410ac194d0a7c,
        type: 3}
      propertyPath: m_LocalEulerAnglesHint.z
      value: 0
      objectReference: {fileID: 0}
    - target: {fileID: 4342671295866887495, guid: 27f210ed52b6c0f409f410ac194d0a7c,
        type: 3}
      propertyPath: m_LocalScale.y
      value: 300
      objectReference: {fileID: 0}
    - target: {fileID: 4342671295866887495, guid: 27f210ed52b6c0f409f410ac194d0a7c,
        type: 3}
      propertyPath: m_LocalScale.z
      value: 200
      objectReference: {fileID: 0}
    - target: {fileID: 4342671295866887495, guid: 27f210ed52b6c0f409f410ac194d0a7c,
        type: 3}
      propertyPath: m_LocalScale.x
      value: 300
      objectReference: {fileID: 0}
    m_RemovedComponents: []
  m_SourcePrefab: {fileID: 100100000, guid: 27f210ed52b6c0f409f410ac194d0a7c, type: 3}
--- !u!4 &4224870113206870627 stripped
Transform:
  m_CorrespondingSourceObject: {fileID: 4342671295866887495, guid: 27f210ed52b6c0f409f410ac194d0a7c,
    type: 3}
  m_PrefabInstance: {fileID: 496948964184194852}
  m_PrefabAsset: {fileID: 0}
--- !u!1001 &1080815560673778242
PrefabInstance:
  m_ObjectHideFlags: 0
  serializedVersion: 2
  m_Modification:
    m_TransformParent: {fileID: 797696866408310470}
    m_Modifications:
    - target: {fileID: 4342671295866585447, guid: 27f210ed52b6c0f409f410ac194d0a7c,
        type: 3}
      propertyPath: m_Name
      value: Pillar (5)
      objectReference: {fileID: 0}
    - target: {fileID: 4342671295866887495, guid: 27f210ed52b6c0f409f410ac194d0a7c,
        type: 3}
      propertyPath: m_LocalPosition.x
      value: -15
      objectReference: {fileID: 0}
    - target: {fileID: 4342671295866887495, guid: 27f210ed52b6c0f409f410ac194d0a7c,
        type: 3}
      propertyPath: m_LocalPosition.y
      value: 2
      objectReference: {fileID: 0}
    - target: {fileID: 4342671295866887495, guid: 27f210ed52b6c0f409f410ac194d0a7c,
        type: 3}
      propertyPath: m_LocalPosition.z
      value: 10
      objectReference: {fileID: 0}
    - target: {fileID: 4342671295866887495, guid: 27f210ed52b6c0f409f410ac194d0a7c,
        type: 3}
      propertyPath: m_LocalRotation.x
      value: -0.7071068
      objectReference: {fileID: 0}
    - target: {fileID: 4342671295866887495, guid: 27f210ed52b6c0f409f410ac194d0a7c,
        type: 3}
      propertyPath: m_LocalRotation.y
      value: -0
      objectReference: {fileID: 0}
    - target: {fileID: 4342671295866887495, guid: 27f210ed52b6c0f409f410ac194d0a7c,
        type: 3}
      propertyPath: m_LocalRotation.z
      value: -0
      objectReference: {fileID: 0}
    - target: {fileID: 4342671295866887495, guid: 27f210ed52b6c0f409f410ac194d0a7c,
        type: 3}
      propertyPath: m_LocalRotation.w
      value: 0.7071068
      objectReference: {fileID: 0}
    - target: {fileID: 4342671295866887495, guid: 27f210ed52b6c0f409f410ac194d0a7c,
        type: 3}
      propertyPath: m_RootOrder
      value: 3
      objectReference: {fileID: 0}
    - target: {fileID: 4342671295866887495, guid: 27f210ed52b6c0f409f410ac194d0a7c,
        type: 3}
      propertyPath: m_LocalEulerAnglesHint.x
      value: -90
      objectReference: {fileID: 0}
    - target: {fileID: 4342671295866887495, guid: 27f210ed52b6c0f409f410ac194d0a7c,
        type: 3}
      propertyPath: m_LocalEulerAnglesHint.y
      value: 0
      objectReference: {fileID: 0}
    - target: {fileID: 4342671295866887495, guid: 27f210ed52b6c0f409f410ac194d0a7c,
        type: 3}
      propertyPath: m_LocalEulerAnglesHint.z
      value: 0
      objectReference: {fileID: 0}
    - target: {fileID: 4342671295866887495, guid: 27f210ed52b6c0f409f410ac194d0a7c,
        type: 3}
      propertyPath: m_LocalScale.y
      value: 300
      objectReference: {fileID: 0}
    - target: {fileID: 4342671295866887495, guid: 27f210ed52b6c0f409f410ac194d0a7c,
        type: 3}
      propertyPath: m_LocalScale.z
      value: 200.00018
      objectReference: {fileID: 0}
    - target: {fileID: 4342671295866887495, guid: 27f210ed52b6c0f409f410ac194d0a7c,
        type: 3}
      propertyPath: m_LocalScale.x
      value: 300
      objectReference: {fileID: 0}
    m_RemovedComponents: []
  m_SourcePrefab: {fileID: 100100000, guid: 27f210ed52b6c0f409f410ac194d0a7c, type: 3}
--- !u!4 &3655674463573411589 stripped
Transform:
  m_CorrespondingSourceObject: {fileID: 4342671295866887495, guid: 27f210ed52b6c0f409f410ac194d0a7c,
    type: 3}
  m_PrefabInstance: {fileID: 1080815560673778242}
  m_PrefabAsset: {fileID: 0}
--- !u!1001 &1103606855976769204
PrefabInstance:
  m_ObjectHideFlags: 0
  serializedVersion: 2
  m_Modification:
    m_TransformParent: {fileID: 797696866408310470}
    m_Modifications:
    - target: {fileID: 4342671295866585447, guid: 27f210ed52b6c0f409f410ac194d0a7c,
        type: 3}
      propertyPath: m_Name
      value: Pillar (9)
      objectReference: {fileID: 0}
    - target: {fileID: 4342671295866887495, guid: 27f210ed52b6c0f409f410ac194d0a7c,
        type: 3}
      propertyPath: m_LocalPosition.x
      value: -15
      objectReference: {fileID: 0}
    - target: {fileID: 4342671295866887495, guid: 27f210ed52b6c0f409f410ac194d0a7c,
        type: 3}
      propertyPath: m_LocalPosition.y
      value: 2
      objectReference: {fileID: 0}
    - target: {fileID: 4342671295866887495, guid: 27f210ed52b6c0f409f410ac194d0a7c,
        type: 3}
      propertyPath: m_LocalPosition.z
      value: -20
      objectReference: {fileID: 0}
    - target: {fileID: 4342671295866887495, guid: 27f210ed52b6c0f409f410ac194d0a7c,
        type: 3}
      propertyPath: m_LocalRotation.x
      value: -0.7071068
      objectReference: {fileID: 0}
    - target: {fileID: 4342671295866887495, guid: 27f210ed52b6c0f409f410ac194d0a7c,
        type: 3}
      propertyPath: m_LocalRotation.y
      value: -0
      objectReference: {fileID: 0}
    - target: {fileID: 4342671295866887495, guid: 27f210ed52b6c0f409f410ac194d0a7c,
        type: 3}
      propertyPath: m_LocalRotation.z
      value: -0
      objectReference: {fileID: 0}
    - target: {fileID: 4342671295866887495, guid: 27f210ed52b6c0f409f410ac194d0a7c,
        type: 3}
      propertyPath: m_LocalRotation.w
      value: 0.7071068
      objectReference: {fileID: 0}
    - target: {fileID: 4342671295866887495, guid: 27f210ed52b6c0f409f410ac194d0a7c,
        type: 3}
      propertyPath: m_RootOrder
      value: 9
      objectReference: {fileID: 0}
    - target: {fileID: 4342671295866887495, guid: 27f210ed52b6c0f409f410ac194d0a7c,
        type: 3}
      propertyPath: m_LocalEulerAnglesHint.x
      value: -90
      objectReference: {fileID: 0}
    - target: {fileID: 4342671295866887495, guid: 27f210ed52b6c0f409f410ac194d0a7c,
        type: 3}
      propertyPath: m_LocalEulerAnglesHint.y
      value: 0
      objectReference: {fileID: 0}
    - target: {fileID: 4342671295866887495, guid: 27f210ed52b6c0f409f410ac194d0a7c,
        type: 3}
      propertyPath: m_LocalEulerAnglesHint.z
      value: 0
      objectReference: {fileID: 0}
    - target: {fileID: 4342671295866887495, guid: 27f210ed52b6c0f409f410ac194d0a7c,
        type: 3}
      propertyPath: m_LocalScale.y
      value: 300
      objectReference: {fileID: 0}
    - target: {fileID: 4342671295866887495, guid: 27f210ed52b6c0f409f410ac194d0a7c,
        type: 3}
      propertyPath: m_LocalScale.z
      value: 200.00018
      objectReference: {fileID: 0}
    - target: {fileID: 4342671295866887495, guid: 27f210ed52b6c0f409f410ac194d0a7c,
        type: 3}
      propertyPath: m_LocalScale.x
      value: 300
      objectReference: {fileID: 0}
    m_RemovedComponents: []
  m_SourcePrefab: {fileID: 100100000, guid: 27f210ed52b6c0f409f410ac194d0a7c, type: 3}
--- !u!4 &3680716459513744371 stripped
Transform:
  m_CorrespondingSourceObject: {fileID: 4342671295866887495, guid: 27f210ed52b6c0f409f410ac194d0a7c,
    type: 3}
  m_PrefabInstance: {fileID: 1103606855976769204}
  m_PrefabAsset: {fileID: 0}
--- !u!1001 &2847442549240281363
PrefabInstance:
  m_ObjectHideFlags: 0
  serializedVersion: 2
  m_Modification:
    m_TransformParent: {fileID: 6492178632319597794}
    m_Modifications:
    - target: {fileID: 1314570322712284133, guid: 5eb6c34251b179342abda26a92d869dd,
        type: 3}
      propertyPath: m_textInfo.characterCount
      value: 8
      objectReference: {fileID: 0}
    - target: {fileID: 1314570322712284133, guid: 5eb6c34251b179342abda26a92d869dd,
        type: 3}
      propertyPath: m_textInfo.spaceCount
      value: 1
      objectReference: {fileID: 0}
    - target: {fileID: 1314570322712284133, guid: 5eb6c34251b179342abda26a92d869dd,
        type: 3}
      propertyPath: m_textInfo.wordCount
      value: 2
      objectReference: {fileID: 0}
    - target: {fileID: 1314570322712284133, guid: 5eb6c34251b179342abda26a92d869dd,
        type: 3}
      propertyPath: m_textInfo.lineCount
      value: 1
      objectReference: {fileID: 0}
    - target: {fileID: 1314570322712284133, guid: 5eb6c34251b179342abda26a92d869dd,
        type: 3}
      propertyPath: m_textInfo.pageCount
      value: 1
      objectReference: {fileID: 0}
    - target: {fileID: 1314570322712284133, guid: 5eb6c34251b179342abda26a92d869dd,
        type: 3}
      propertyPath: m_textInfo.materialCount
      value: 2
      objectReference: {fileID: 0}
    - target: {fileID: 1495458635070455028, guid: 5eb6c34251b179342abda26a92d869dd,
        type: 3}
      propertyPath: m_LocalPosition.x
      value: 0
      objectReference: {fileID: 0}
    - target: {fileID: 1495458635070455028, guid: 5eb6c34251b179342abda26a92d869dd,
        type: 3}
      propertyPath: m_LocalPosition.y
      value: 0
      objectReference: {fileID: 0}
    - target: {fileID: 1495458635070455028, guid: 5eb6c34251b179342abda26a92d869dd,
        type: 3}
      propertyPath: m_LocalPosition.z
      value: 56
      objectReference: {fileID: 0}
    - target: {fileID: 1495458635070455028, guid: 5eb6c34251b179342abda26a92d869dd,
        type: 3}
      propertyPath: m_LocalRotation.x
      value: 0
      objectReference: {fileID: 0}
    - target: {fileID: 1495458635070455028, guid: 5eb6c34251b179342abda26a92d869dd,
        type: 3}
      propertyPath: m_LocalRotation.y
      value: 0
      objectReference: {fileID: 0}
    - target: {fileID: 1495458635070455028, guid: 5eb6c34251b179342abda26a92d869dd,
        type: 3}
      propertyPath: m_LocalRotation.z
      value: 0
      objectReference: {fileID: 0}
    - target: {fileID: 1495458635070455028, guid: 5eb6c34251b179342abda26a92d869dd,
        type: 3}
      propertyPath: m_LocalRotation.w
      value: 1
      objectReference: {fileID: 0}
    - target: {fileID: 1495458635070455028, guid: 5eb6c34251b179342abda26a92d869dd,
        type: 3}
      propertyPath: m_RootOrder
      value: 1
      objectReference: {fileID: 0}
    - target: {fileID: 1495458635070455028, guid: 5eb6c34251b179342abda26a92d869dd,
        type: 3}
      propertyPath: m_LocalEulerAnglesHint.x
      value: 0
      objectReference: {fileID: 0}
    - target: {fileID: 1495458635070455028, guid: 5eb6c34251b179342abda26a92d869dd,
        type: 3}
      propertyPath: m_LocalEulerAnglesHint.y
      value: 0
      objectReference: {fileID: 0}
    - target: {fileID: 1495458635070455028, guid: 5eb6c34251b179342abda26a92d869dd,
        type: 3}
      propertyPath: m_LocalEulerAnglesHint.z
      value: 0
      objectReference: {fileID: 0}
    - target: {fileID: 2346829191072855287, guid: 5eb6c34251b179342abda26a92d869dd,
        type: 3}
      propertyPath: m_Material
      value: 
      objectReference: {fileID: 0}
    - target: {fileID: 2346829191072855287, guid: 5eb6c34251b179342abda26a92d869dd,
        type: 3}
      propertyPath: m_sharedMaterial
      value: 
      objectReference: {fileID: 0}
    - target: {fileID: 4182883306788294060, guid: 5eb6c34251b179342abda26a92d869dd,
        type: 3}
      propertyPath: m_Name
      value: NormalRoomPortalGroup
      objectReference: {fileID: 0}
    - target: {fileID: 4983057575001931296, guid: 5eb6c34251b179342abda26a92d869dd,
        type: 3}
      propertyPath: m_Material
      value: 
      objectReference: {fileID: 0}
    - target: {fileID: 4983057575001931296, guid: 5eb6c34251b179342abda26a92d869dd,
        type: 3}
      propertyPath: m_sharedMaterial
      value: 
      objectReference: {fileID: 0}
    - target: {fileID: 5708930994560652636, guid: 5eb6c34251b179342abda26a92d869dd,
        type: 3}
      propertyPath: m_textInfo.characterCount
      value: 8
      objectReference: {fileID: 0}
    - target: {fileID: 5708930994560652636, guid: 5eb6c34251b179342abda26a92d869dd,
        type: 3}
      propertyPath: m_textInfo.spaceCount
      value: 1
      objectReference: {fileID: 0}
    - target: {fileID: 5708930994560652636, guid: 5eb6c34251b179342abda26a92d869dd,
        type: 3}
      propertyPath: m_textInfo.wordCount
      value: 2
      objectReference: {fileID: 0}
    - target: {fileID: 5708930994560652636, guid: 5eb6c34251b179342abda26a92d869dd,
        type: 3}
      propertyPath: m_textInfo.lineCount
      value: 1
      objectReference: {fileID: 0}
    - target: {fileID: 5708930994560652636, guid: 5eb6c34251b179342abda26a92d869dd,
        type: 3}
      propertyPath: m_textInfo.pageCount
      value: 1
      objectReference: {fileID: 0}
    - target: {fileID: 5708930994560652636, guid: 5eb6c34251b179342abda26a92d869dd,
        type: 3}
      propertyPath: m_textInfo.materialCount
      value: 2
      objectReference: {fileID: 0}
    - target: {fileID: 6655952687146221338, guid: 5eb6c34251b179342abda26a92d869dd,
        type: 3}
      propertyPath: m_LocalPosition.z
      value: 0
      objectReference: {fileID: 0}
    - target: {fileID: 6655952687146221338, guid: 5eb6c34251b179342abda26a92d869dd,
        type: 3}
      propertyPath: m_LocalPosition.x
      value: 28
      objectReference: {fileID: 0}
    - target: {fileID: 7935686593407980220, guid: 5eb6c34251b179342abda26a92d869dd,
        type: 3}
      propertyPath: m_LocalPosition.x
      value: 56
      objectReference: {fileID: 0}
    - target: {fileID: 8613334947323461938, guid: 5eb6c34251b179342abda26a92d869dd,
        type: 3}
      propertyPath: m_textInfo.characterCount
      value: 8
      objectReference: {fileID: 0}
    - target: {fileID: 8613334947323461938, guid: 5eb6c34251b179342abda26a92d869dd,
        type: 3}
      propertyPath: m_textInfo.spaceCount
      value: 1
      objectReference: {fileID: 0}
    - target: {fileID: 8613334947323461938, guid: 5eb6c34251b179342abda26a92d869dd,
        type: 3}
      propertyPath: m_textInfo.wordCount
      value: 2
      objectReference: {fileID: 0}
    - target: {fileID: 8613334947323461938, guid: 5eb6c34251b179342abda26a92d869dd,
        type: 3}
      propertyPath: m_textInfo.lineCount
      value: 1
      objectReference: {fileID: 0}
    - target: {fileID: 8613334947323461938, guid: 5eb6c34251b179342abda26a92d869dd,
        type: 3}
      propertyPath: m_textInfo.pageCount
      value: 1
      objectReference: {fileID: 0}
    - target: {fileID: 8613334947323461938, guid: 5eb6c34251b179342abda26a92d869dd,
        type: 3}
      propertyPath: m_textInfo.materialCount
      value: 2
      objectReference: {fileID: 0}
    - target: {fileID: 9049390227329788494, guid: 5eb6c34251b179342abda26a92d869dd,
        type: 3}
      propertyPath: m_Material
      value: 
      objectReference: {fileID: 0}
    - target: {fileID: 9049390227329788494, guid: 5eb6c34251b179342abda26a92d869dd,
        type: 3}
      propertyPath: m_sharedMaterial
      value: 
      objectReference: {fileID: 0}
    m_RemovedComponents: []
  m_SourcePrefab: {fileID: 100100000, guid: 5eb6c34251b179342abda26a92d869dd, type: 3}
--- !u!4 &3694300095373018599 stripped
Transform:
  m_CorrespondingSourceObject: {fileID: 1495458635070455028, guid: 5eb6c34251b179342abda26a92d869dd,
    type: 3}
  m_PrefabInstance: {fileID: 2847442549240281363}
  m_PrefabAsset: {fileID: 0}
--- !u!1001 &3713776562338491234
PrefabInstance:
  m_ObjectHideFlags: 0
  serializedVersion: 2
  m_Modification:
    m_TransformParent: {fileID: 797696866408310470}
    m_Modifications:
    - target: {fileID: 4342671295866585447, guid: 27f210ed52b6c0f409f410ac194d0a7c,
        type: 3}
      propertyPath: m_Name
      value: Pillar (7)
      objectReference: {fileID: 0}
    - target: {fileID: 4342671295866887495, guid: 27f210ed52b6c0f409f410ac194d0a7c,
        type: 3}
      propertyPath: m_LocalPosition.x
      value: 15
      objectReference: {fileID: 0}
    - target: {fileID: 4342671295866887495, guid: 27f210ed52b6c0f409f410ac194d0a7c,
        type: 3}
      propertyPath: m_LocalPosition.y
      value: 2
      objectReference: {fileID: 0}
    - target: {fileID: 4342671295866887495, guid: 27f210ed52b6c0f409f410ac194d0a7c,
        type: 3}
      propertyPath: m_LocalPosition.z
      value: -20
      objectReference: {fileID: 0}
    - target: {fileID: 4342671295866887495, guid: 27f210ed52b6c0f409f410ac194d0a7c,
        type: 3}
      propertyPath: m_LocalRotation.x
      value: -0.7071068
      objectReference: {fileID: 0}
    - target: {fileID: 4342671295866887495, guid: 27f210ed52b6c0f409f410ac194d0a7c,
        type: 3}
      propertyPath: m_LocalRotation.y
      value: -0
      objectReference: {fileID: 0}
    - target: {fileID: 4342671295866887495, guid: 27f210ed52b6c0f409f410ac194d0a7c,
        type: 3}
      propertyPath: m_LocalRotation.z
      value: -0
      objectReference: {fileID: 0}
    - target: {fileID: 4342671295866887495, guid: 27f210ed52b6c0f409f410ac194d0a7c,
        type: 3}
      propertyPath: m_LocalRotation.w
      value: 0.7071068
      objectReference: {fileID: 0}
    - target: {fileID: 4342671295866887495, guid: 27f210ed52b6c0f409f410ac194d0a7c,
        type: 3}
      propertyPath: m_RootOrder
      value: 7
      objectReference: {fileID: 0}
    - target: {fileID: 4342671295866887495, guid: 27f210ed52b6c0f409f410ac194d0a7c,
        type: 3}
      propertyPath: m_LocalEulerAnglesHint.x
      value: -90
      objectReference: {fileID: 0}
    - target: {fileID: 4342671295866887495, guid: 27f210ed52b6c0f409f410ac194d0a7c,
        type: 3}
      propertyPath: m_LocalEulerAnglesHint.y
      value: 0
      objectReference: {fileID: 0}
    - target: {fileID: 4342671295866887495, guid: 27f210ed52b6c0f409f410ac194d0a7c,
        type: 3}
      propertyPath: m_LocalEulerAnglesHint.z
      value: 0
      objectReference: {fileID: 0}
    - target: {fileID: 4342671295866887495, guid: 27f210ed52b6c0f409f410ac194d0a7c,
        type: 3}
      propertyPath: m_LocalScale.y
      value: 300
      objectReference: {fileID: 0}
    - target: {fileID: 4342671295866887495, guid: 27f210ed52b6c0f409f410ac194d0a7c,
        type: 3}
      propertyPath: m_LocalScale.z
      value: 200.00018
      objectReference: {fileID: 0}
    - target: {fileID: 4342671295866887495, guid: 27f210ed52b6c0f409f410ac194d0a7c,
        type: 3}
      propertyPath: m_LocalScale.x
      value: 300
      objectReference: {fileID: 0}
    m_RemovedComponents: []
  m_SourcePrefab: {fileID: 100100000, guid: 27f210ed52b6c0f409f410ac194d0a7c, type: 3}
--- !u!4 &1138769224898262565 stripped
Transform:
  m_CorrespondingSourceObject: {fileID: 4342671295866887495, guid: 27f210ed52b6c0f409f410ac194d0a7c,
    type: 3}
  m_PrefabInstance: {fileID: 3713776562338491234}
  m_PrefabAsset: {fileID: 0}
--- !u!1001 &4108614341237050533
PrefabInstance:
  m_ObjectHideFlags: 0
  serializedVersion: 2
  m_Modification:
    m_TransformParent: {fileID: 797696866408310470}
    m_Modifications:
    - target: {fileID: 4342671295866585447, guid: 27f210ed52b6c0f409f410ac194d0a7c,
        type: 3}
      propertyPath: m_Name
      value: Pillar (1)
      objectReference: {fileID: 0}
    - target: {fileID: 4342671295866887495, guid: 27f210ed52b6c0f409f410ac194d0a7c,
        type: 3}
      propertyPath: m_LocalPosition.x
      value: 15
      objectReference: {fileID: 0}
    - target: {fileID: 4342671295866887495, guid: 27f210ed52b6c0f409f410ac194d0a7c,
        type: 3}
      propertyPath: m_LocalPosition.y
      value: 2
      objectReference: {fileID: 0}
    - target: {fileID: 4342671295866887495, guid: 27f210ed52b6c0f409f410ac194d0a7c,
        type: 3}
      propertyPath: m_LocalPosition.z
      value: 20
      objectReference: {fileID: 0}
    - target: {fileID: 4342671295866887495, guid: 27f210ed52b6c0f409f410ac194d0a7c,
        type: 3}
      propertyPath: m_LocalRotation.x
      value: -0.7071068
      objectReference: {fileID: 0}
    - target: {fileID: 4342671295866887495, guid: 27f210ed52b6c0f409f410ac194d0a7c,
        type: 3}
      propertyPath: m_LocalRotation.y
      value: -0
      objectReference: {fileID: 0}
    - target: {fileID: 4342671295866887495, guid: 27f210ed52b6c0f409f410ac194d0a7c,
        type: 3}
      propertyPath: m_LocalRotation.z
      value: -0
      objectReference: {fileID: 0}
    - target: {fileID: 4342671295866887495, guid: 27f210ed52b6c0f409f410ac194d0a7c,
        type: 3}
      propertyPath: m_LocalRotation.w
      value: 0.7071068
      objectReference: {fileID: 0}
    - target: {fileID: 4342671295866887495, guid: 27f210ed52b6c0f409f410ac194d0a7c,
        type: 3}
      propertyPath: m_RootOrder
      value: 1
      objectReference: {fileID: 0}
    - target: {fileID: 4342671295866887495, guid: 27f210ed52b6c0f409f410ac194d0a7c,
        type: 3}
      propertyPath: m_LocalEulerAnglesHint.x
      value: -90
      objectReference: {fileID: 0}
    - target: {fileID: 4342671295866887495, guid: 27f210ed52b6c0f409f410ac194d0a7c,
        type: 3}
      propertyPath: m_LocalEulerAnglesHint.y
      value: 0
      objectReference: {fileID: 0}
    - target: {fileID: 4342671295866887495, guid: 27f210ed52b6c0f409f410ac194d0a7c,
        type: 3}
      propertyPath: m_LocalEulerAnglesHint.z
      value: 0
      objectReference: {fileID: 0}
    - target: {fileID: 4342671295866887495, guid: 27f210ed52b6c0f409f410ac194d0a7c,
        type: 3}
      propertyPath: m_LocalScale.y
      value: 300
      objectReference: {fileID: 0}
    - target: {fileID: 4342671295866887495, guid: 27f210ed52b6c0f409f410ac194d0a7c,
        type: 3}
      propertyPath: m_LocalScale.z
      value: 200.00018
      objectReference: {fileID: 0}
    - target: {fileID: 4342671295866887495, guid: 27f210ed52b6c0f409f410ac194d0a7c,
        type: 3}
      propertyPath: m_LocalScale.x
      value: 300
      objectReference: {fileID: 0}
    m_RemovedComponents: []
  m_SourcePrefab: {fileID: 100100000, guid: 27f210ed52b6c0f409f410ac194d0a7c, type: 3}
--- !u!4 &378582131710677474 stripped
Transform:
  m_CorrespondingSourceObject: {fileID: 4342671295866887495, guid: 27f210ed52b6c0f409f410ac194d0a7c,
    type: 3}
  m_PrefabInstance: {fileID: 4108614341237050533}
  m_PrefabAsset: {fileID: 0}
--- !u!1001 &4119263442254713272
PrefabInstance:
  m_ObjectHideFlags: 0
  serializedVersion: 2
  m_Modification:
    m_TransformParent: {fileID: 797696866408310470}
    m_Modifications:
    - target: {fileID: 4342671295866585447, guid: 27f210ed52b6c0f409f410ac194d0a7c,
        type: 3}
      propertyPath: m_Name
      value: Pillar (6)
      objectReference: {fileID: 0}
    - target: {fileID: 4342671295866887495, guid: 27f210ed52b6c0f409f410ac194d0a7c,
        type: 3}
      propertyPath: m_LocalPosition.x
      value: 15
      objectReference: {fileID: 0}
    - target: {fileID: 4342671295866887495, guid: 27f210ed52b6c0f409f410ac194d0a7c,
        type: 3}
      propertyPath: m_LocalPosition.y
      value: 2
      objectReference: {fileID: 0}
    - target: {fileID: 4342671295866887495, guid: 27f210ed52b6c0f409f410ac194d0a7c,
        type: 3}
      propertyPath: m_LocalPosition.z
      value: -10
      objectReference: {fileID: 0}
    - target: {fileID: 4342671295866887495, guid: 27f210ed52b6c0f409f410ac194d0a7c,
        type: 3}
      propertyPath: m_LocalRotation.x
      value: -0.7071068
      objectReference: {fileID: 0}
    - target: {fileID: 4342671295866887495, guid: 27f210ed52b6c0f409f410ac194d0a7c,
        type: 3}
      propertyPath: m_LocalRotation.y
      value: -0
      objectReference: {fileID: 0}
    - target: {fileID: 4342671295866887495, guid: 27f210ed52b6c0f409f410ac194d0a7c,
        type: 3}
      propertyPath: m_LocalRotation.z
      value: -0
      objectReference: {fileID: 0}
    - target: {fileID: 4342671295866887495, guid: 27f210ed52b6c0f409f410ac194d0a7c,
        type: 3}
      propertyPath: m_LocalRotation.w
      value: 0.7071068
      objectReference: {fileID: 0}
    - target: {fileID: 4342671295866887495, guid: 27f210ed52b6c0f409f410ac194d0a7c,
        type: 3}
      propertyPath: m_RootOrder
      value: 6
      objectReference: {fileID: 0}
    - target: {fileID: 4342671295866887495, guid: 27f210ed52b6c0f409f410ac194d0a7c,
        type: 3}
      propertyPath: m_LocalEulerAnglesHint.x
      value: -90
      objectReference: {fileID: 0}
    - target: {fileID: 4342671295866887495, guid: 27f210ed52b6c0f409f410ac194d0a7c,
        type: 3}
      propertyPath: m_LocalEulerAnglesHint.y
      value: 0
      objectReference: {fileID: 0}
    - target: {fileID: 4342671295866887495, guid: 27f210ed52b6c0f409f410ac194d0a7c,
        type: 3}
      propertyPath: m_LocalEulerAnglesHint.z
      value: 0
      objectReference: {fileID: 0}
    - target: {fileID: 4342671295866887495, guid: 27f210ed52b6c0f409f410ac194d0a7c,
        type: 3}
      propertyPath: m_LocalScale.y
      value: 300
      objectReference: {fileID: 0}
    - target: {fileID: 4342671295866887495, guid: 27f210ed52b6c0f409f410ac194d0a7c,
        type: 3}
      propertyPath: m_LocalScale.z
      value: 200.00018
      objectReference: {fileID: 0}
    - target: {fileID: 4342671295866887495, guid: 27f210ed52b6c0f409f410ac194d0a7c,
        type: 3}
      propertyPath: m_LocalScale.x
      value: 300
      objectReference: {fileID: 0}
    m_RemovedComponents: []
  m_SourcePrefab: {fileID: 100100000, guid: 27f210ed52b6c0f409f410ac194d0a7c, type: 3}
--- !u!4 &391484200428375295 stripped
Transform:
  m_CorrespondingSourceObject: {fileID: 4342671295866887495, guid: 27f210ed52b6c0f409f410ac194d0a7c,
    type: 3}
  m_PrefabInstance: {fileID: 4119263442254713272}
  m_PrefabAsset: {fileID: 0}
--- !u!1001 &5820188000245831410
PrefabInstance:
  m_ObjectHideFlags: 0
  serializedVersion: 2
  m_Modification:
    m_TransformParent: {fileID: 797696866408310470}
    m_Modifications:
    - target: {fileID: 4342671295866585447, guid: 27f210ed52b6c0f409f410ac194d0a7c,
        type: 3}
      propertyPath: m_Name
      value: Pillar (2)
      objectReference: {fileID: 0}
    - target: {fileID: 4342671295866887495, guid: 27f210ed52b6c0f409f410ac194d0a7c,
        type: 3}
      propertyPath: m_LocalPosition.x
      value: 15
      objectReference: {fileID: 0}
    - target: {fileID: 4342671295866887495, guid: 27f210ed52b6c0f409f410ac194d0a7c,
        type: 3}
      propertyPath: m_LocalPosition.y
      value: 2
      objectReference: {fileID: 0}
    - target: {fileID: 4342671295866887495, guid: 27f210ed52b6c0f409f410ac194d0a7c,
        type: 3}
      propertyPath: m_LocalPosition.z
      value: 10
      objectReference: {fileID: 0}
    - target: {fileID: 4342671295866887495, guid: 27f210ed52b6c0f409f410ac194d0a7c,
        type: 3}
      propertyPath: m_LocalRotation.x
      value: -0.7071068
      objectReference: {fileID: 0}
    - target: {fileID: 4342671295866887495, guid: 27f210ed52b6c0f409f410ac194d0a7c,
        type: 3}
      propertyPath: m_LocalRotation.y
      value: -0
      objectReference: {fileID: 0}
    - target: {fileID: 4342671295866887495, guid: 27f210ed52b6c0f409f410ac194d0a7c,
        type: 3}
      propertyPath: m_LocalRotation.z
      value: -0
      objectReference: {fileID: 0}
    - target: {fileID: 4342671295866887495, guid: 27f210ed52b6c0f409f410ac194d0a7c,
        type: 3}
      propertyPath: m_LocalRotation.w
      value: 0.7071068
      objectReference: {fileID: 0}
    - target: {fileID: 4342671295866887495, guid: 27f210ed52b6c0f409f410ac194d0a7c,
        type: 3}
      propertyPath: m_RootOrder
      value: 2
      objectReference: {fileID: 0}
    - target: {fileID: 4342671295866887495, guid: 27f210ed52b6c0f409f410ac194d0a7c,
        type: 3}
      propertyPath: m_LocalEulerAnglesHint.x
      value: -90
      objectReference: {fileID: 0}
    - target: {fileID: 4342671295866887495, guid: 27f210ed52b6c0f409f410ac194d0a7c,
        type: 3}
      propertyPath: m_LocalEulerAnglesHint.y
      value: 0
      objectReference: {fileID: 0}
    - target: {fileID: 4342671295866887495, guid: 27f210ed52b6c0f409f410ac194d0a7c,
        type: 3}
      propertyPath: m_LocalEulerAnglesHint.z
      value: 0
      objectReference: {fileID: 0}
    - target: {fileID: 4342671295866887495, guid: 27f210ed52b6c0f409f410ac194d0a7c,
        type: 3}
      propertyPath: m_LocalScale.y
      value: 300
      objectReference: {fileID: 0}
    - target: {fileID: 4342671295866887495, guid: 27f210ed52b6c0f409f410ac194d0a7c,
        type: 3}
      propertyPath: m_LocalScale.z
      value: 200.00018
      objectReference: {fileID: 0}
    - target: {fileID: 4342671295866887495, guid: 27f210ed52b6c0f409f410ac194d0a7c,
        type: 3}
      propertyPath: m_LocalScale.x
      value: 300
      objectReference: {fileID: 0}
    m_RemovedComponents: []
  m_SourcePrefab: {fileID: 100100000, guid: 27f210ed52b6c0f409f410ac194d0a7c, type: 3}
--- !u!4 &7818586154064317365 stripped
Transform:
  m_CorrespondingSourceObject: {fileID: 4342671295866887495, guid: 27f210ed52b6c0f409f410ac194d0a7c,
    type: 3}
  m_PrefabInstance: {fileID: 5820188000245831410}
  m_PrefabAsset: {fileID: 0}
--- !u!1001 &7323418295329753509
PrefabInstance:
  m_ObjectHideFlags: 0
  serializedVersion: 2
  m_Modification:
    m_TransformParent: {fileID: 797696866408310470}
    m_Modifications:
    - target: {fileID: 4342671295866585447, guid: 27f210ed52b6c0f409f410ac194d0a7c,
        type: 3}
      propertyPath: m_Name
      value: Pillar (4)
      objectReference: {fileID: 0}
    - target: {fileID: 4342671295866887495, guid: 27f210ed52b6c0f409f410ac194d0a7c,
        type: 3}
      propertyPath: m_LocalPosition.x
      value: 15
      objectReference: {fileID: 0}
    - target: {fileID: 4342671295866887495, guid: 27f210ed52b6c0f409f410ac194d0a7c,
        type: 3}
      propertyPath: m_LocalPosition.y
      value: 2
      objectReference: {fileID: 0}
    - target: {fileID: 4342671295866887495, guid: 27f210ed52b6c0f409f410ac194d0a7c,
        type: 3}
      propertyPath: m_LocalPosition.z
      value: 0
      objectReference: {fileID: 0}
    - target: {fileID: 4342671295866887495, guid: 27f210ed52b6c0f409f410ac194d0a7c,
        type: 3}
      propertyPath: m_LocalRotation.x
      value: -0.7071068
      objectReference: {fileID: 0}
    - target: {fileID: 4342671295866887495, guid: 27f210ed52b6c0f409f410ac194d0a7c,
        type: 3}
      propertyPath: m_LocalRotation.y
      value: -0
      objectReference: {fileID: 0}
    - target: {fileID: 4342671295866887495, guid: 27f210ed52b6c0f409f410ac194d0a7c,
        type: 3}
      propertyPath: m_LocalRotation.z
      value: -0
      objectReference: {fileID: 0}
    - target: {fileID: 4342671295866887495, guid: 27f210ed52b6c0f409f410ac194d0a7c,
        type: 3}
      propertyPath: m_LocalRotation.w
      value: 0.7071068
      objectReference: {fileID: 0}
    - target: {fileID: 4342671295866887495, guid: 27f210ed52b6c0f409f410ac194d0a7c,
        type: 3}
      propertyPath: m_RootOrder
      value: 5
      objectReference: {fileID: 0}
    - target: {fileID: 4342671295866887495, guid: 27f210ed52b6c0f409f410ac194d0a7c,
        type: 3}
      propertyPath: m_LocalEulerAnglesHint.x
      value: -90
      objectReference: {fileID: 0}
    - target: {fileID: 4342671295866887495, guid: 27f210ed52b6c0f409f410ac194d0a7c,
        type: 3}
      propertyPath: m_LocalEulerAnglesHint.y
      value: 0
      objectReference: {fileID: 0}
    - target: {fileID: 4342671295866887495, guid: 27f210ed52b6c0f409f410ac194d0a7c,
        type: 3}
      propertyPath: m_LocalEulerAnglesHint.z
      value: 0
      objectReference: {fileID: 0}
    - target: {fileID: 4342671295866887495, guid: 27f210ed52b6c0f409f410ac194d0a7c,
        type: 3}
      propertyPath: m_LocalScale.y
      value: 300
      objectReference: {fileID: 0}
    - target: {fileID: 4342671295866887495, guid: 27f210ed52b6c0f409f410ac194d0a7c,
        type: 3}
      propertyPath: m_LocalScale.z
      value: 200.00018
      objectReference: {fileID: 0}
    - target: {fileID: 4342671295866887495, guid: 27f210ed52b6c0f409f410ac194d0a7c,
        type: 3}
      propertyPath: m_LocalScale.x
      value: 300
      objectReference: {fileID: 0}
    m_RemovedComponents: []
  m_SourcePrefab: {fileID: 100100000, guid: 27f210ed52b6c0f409f410ac194d0a7c, type: 3}
--- !u!4 &6477942816635114722 stripped
Transform:
  m_CorrespondingSourceObject: {fileID: 4342671295866887495, guid: 27f210ed52b6c0f409f410ac194d0a7c,
    type: 3}
  m_PrefabInstance: {fileID: 7323418295329753509}
  m_PrefabAsset: {fileID: 0}
--- !u!1001 &8776711820445466839
PrefabInstance:
  m_ObjectHideFlags: 0
  serializedVersion: 2
  m_Modification:
    m_TransformParent: {fileID: 6492178632319597794}
    m_Modifications:
    - target: {fileID: 2167374181520299885, guid: d65a7fa02052b804487b8d13a106a175,
        type: 3}
      propertyPath: m_LocalPosition.x
      value: 0
      objectReference: {fileID: 0}
    - target: {fileID: 2167374181520299885, guid: d65a7fa02052b804487b8d13a106a175,
        type: 3}
      propertyPath: m_LocalPosition.y
      value: 0
      objectReference: {fileID: 0}
    - target: {fileID: 2167374181520299885, guid: d65a7fa02052b804487b8d13a106a175,
        type: 3}
      propertyPath: m_LocalPosition.z
      value: 0
      objectReference: {fileID: 0}
    - target: {fileID: 2167374181520299885, guid: d65a7fa02052b804487b8d13a106a175,
        type: 3}
      propertyPath: m_LocalRotation.x
      value: 0
      objectReference: {fileID: 0}
    - target: {fileID: 2167374181520299885, guid: d65a7fa02052b804487b8d13a106a175,
        type: 3}
      propertyPath: m_LocalRotation.y
      value: 0
      objectReference: {fileID: 0}
    - target: {fileID: 2167374181520299885, guid: d65a7fa02052b804487b8d13a106a175,
        type: 3}
      propertyPath: m_LocalRotation.z
      value: 0
      objectReference: {fileID: 0}
    - target: {fileID: 2167374181520299885, guid: d65a7fa02052b804487b8d13a106a175,
        type: 3}
      propertyPath: m_LocalRotation.w
      value: 1
      objectReference: {fileID: 0}
    - target: {fileID: 2167374181520299885, guid: d65a7fa02052b804487b8d13a106a175,
        type: 3}
      propertyPath: m_RootOrder
      value: 2
      objectReference: {fileID: 0}
    - target: {fileID: 2167374181520299885, guid: d65a7fa02052b804487b8d13a106a175,
        type: 3}
      propertyPath: m_LocalEulerAnglesHint.x
      value: 0
      objectReference: {fileID: 0}
    - target: {fileID: 2167374181520299885, guid: d65a7fa02052b804487b8d13a106a175,
        type: 3}
      propertyPath: m_LocalEulerAnglesHint.y
      value: 0
      objectReference: {fileID: 0}
    - target: {fileID: 2167374181520299885, guid: d65a7fa02052b804487b8d13a106a175,
        type: 3}
      propertyPath: m_LocalEulerAnglesHint.z
      value: 0
      objectReference: {fileID: 0}
    - target: {fileID: 7851524851770980644, guid: d65a7fa02052b804487b8d13a106a175,
        type: 3}
      propertyPath: m_Name
      value: 16x16NormalRoom
      objectReference: {fileID: 0}
    m_RemovedComponents: []
  m_SourcePrefab: {fileID: 100100000, guid: d65a7fa02052b804487b8d13a106a175, type: 3}
--- !u!4 &7483060307565287354 stripped
Transform:
  m_CorrespondingSourceObject: {fileID: 2167374181520299885, guid: d65a7fa02052b804487b8d13a106a175,
    type: 3}
  m_PrefabInstance: {fileID: 8776711820445466839}
  m_PrefabAsset: {fileID: 0}
--- !u!1001 &9151911697273889214
PrefabInstance:
  m_ObjectHideFlags: 0
  serializedVersion: 2
  m_Modification:
    m_TransformParent: {fileID: 797696866408310470}
    m_Modifications:
    - target: {fileID: 4342671295866585447, guid: 27f210ed52b6c0f409f410ac194d0a7c,
        type: 3}
      propertyPath: m_Name
      value: Pillar (8)
      objectReference: {fileID: 0}
    - target: {fileID: 4342671295866887495, guid: 27f210ed52b6c0f409f410ac194d0a7c,
        type: 3}
      propertyPath: m_LocalPosition.x
      value: -15
      objectReference: {fileID: 0}
    - target: {fileID: 4342671295866887495, guid: 27f210ed52b6c0f409f410ac194d0a7c,
        type: 3}
      propertyPath: m_LocalPosition.y
      value: 2
      objectReference: {fileID: 0}
    - target: {fileID: 4342671295866887495, guid: 27f210ed52b6c0f409f410ac194d0a7c,
        type: 3}
      propertyPath: m_LocalPosition.z
      value: -10
      objectReference: {fileID: 0}
    - target: {fileID: 4342671295866887495, guid: 27f210ed52b6c0f409f410ac194d0a7c,
        type: 3}
      propertyPath: m_LocalRotation.x
      value: -0.7071068
      objectReference: {fileID: 0}
    - target: {fileID: 4342671295866887495, guid: 27f210ed52b6c0f409f410ac194d0a7c,
        type: 3}
      propertyPath: m_LocalRotation.y
      value: -0
      objectReference: {fileID: 0}
    - target: {fileID: 4342671295866887495, guid: 27f210ed52b6c0f409f410ac194d0a7c,
        type: 3}
      propertyPath: m_LocalRotation.z
      value: -0
      objectReference: {fileID: 0}
    - target: {fileID: 4342671295866887495, guid: 27f210ed52b6c0f409f410ac194d0a7c,
        type: 3}
      propertyPath: m_LocalRotation.w
      value: 0.7071068
      objectReference: {fileID: 0}
    - target: {fileID: 4342671295866887495, guid: 27f210ed52b6c0f409f410ac194d0a7c,
        type: 3}
      propertyPath: m_RootOrder
      value: 8
      objectReference: {fileID: 0}
    - target: {fileID: 4342671295866887495, guid: 27f210ed52b6c0f409f410ac194d0a7c,
        type: 3}
      propertyPath: m_LocalEulerAnglesHint.x
      value: -90
      objectReference: {fileID: 0}
    - target: {fileID: 4342671295866887495, guid: 27f210ed52b6c0f409f410ac194d0a7c,
        type: 3}
      propertyPath: m_LocalEulerAnglesHint.y
      value: 0
      objectReference: {fileID: 0}
    - target: {fileID: 4342671295866887495, guid: 27f210ed52b6c0f409f410ac194d0a7c,
        type: 3}
      propertyPath: m_LocalEulerAnglesHint.z
      value: 0
      objectReference: {fileID: 0}
    - target: {fileID: 4342671295866887495, guid: 27f210ed52b6c0f409f410ac194d0a7c,
        type: 3}
      propertyPath: m_LocalScale.y
      value: 300
      objectReference: {fileID: 0}
    - target: {fileID: 4342671295866887495, guid: 27f210ed52b6c0f409f410ac194d0a7c,
        type: 3}
      propertyPath: m_LocalScale.z
      value: 200.00018
      objectReference: {fileID: 0}
    - target: {fileID: 4342671295866887495, guid: 27f210ed52b6c0f409f410ac194d0a7c,
        type: 3}
      propertyPath: m_LocalScale.x
      value: 300
      objectReference: {fileID: 0}
    m_RemovedComponents: []
  m_SourcePrefab: {fileID: 100100000, guid: 27f210ed52b6c0f409f410ac194d0a7c, type: 3}
--- !u!4 &4847662911347162361 stripped
Transform:
  m_CorrespondingSourceObject: {fileID: 4342671295866887495, guid: 27f210ed52b6c0f409f410ac194d0a7c,
    type: 3}
  m_PrefabInstance: {fileID: 9151911697273889214}
  m_PrefabAsset: {fileID: 0}
