%YAML 1.1
%TAG !u! tag:unity3d.com,2011:
--- !u!1 &4458450358858800479
GameObject:
  m_ObjectHideFlags: 0
  m_CorrespondingSourceObject: {fileID: 0}
  m_PrefabInstance: {fileID: 0}
  m_PrefabAsset: {fileID: 0}
  serializedVersion: 6
  m_Component:
  - component: {fileID: 629953909326819971}
  - component: {fileID: 7462893777099483408}
  m_Layer: 0
  m_Name: NormalRoom2
  m_TagString: DeleteRoom
  m_Icon: {fileID: 0}
  m_NavMeshLayer: 0
  m_StaticEditorFlags: 0
  m_IsActive: 1
--- !u!4 &629953909326819971
Transform:
  m_ObjectHideFlags: 0
  m_CorrespondingSourceObject: {fileID: 0}
  m_PrefabInstance: {fileID: 0}
  m_PrefabAsset: {fileID: 0}
  m_GameObject: {fileID: 4458450358858800479}
  m_LocalRotation: {x: 0, y: 0, z: 0, w: 1}
  m_LocalPosition: {x: 0, y: 0, z: 0}
  m_LocalScale: {x: 1, y: 1, z: 1}
  m_Children:
  - {fileID: 5459279528754880254}
  - {fileID: 4811596788619298009}
  - {fileID: 5861948932381604136}
  - {fileID: 6379024661441085172}
  - {fileID: 5493755859217517593}
  - {fileID: 8824749344159748943}
  - {fileID: 6490906324810149487}
  - {fileID: 2318783021148675716}
  - {fileID: 737176095451027859}
  - {fileID: 741254723726086127}
  - {fileID: 4415237464674002956}
  - {fileID: 6560990894455722232}
  - {fileID: 4349243290620718481}
  - {fileID: 9021982511919870951}
  - {fileID: 2826814924707305219}
  - {fileID: 4511839029354129068}
  - {fileID: 4246591420775946902}
  - {fileID: 1035583148314006305}
  - {fileID: 4092182091834886057}
  m_Father: {fileID: 0}
  m_RootOrder: 0
  m_LocalEulerAnglesHint: {x: 0, y: 0, z: 0}
--- !u!114 &7462893777099483408
MonoBehaviour:
  m_ObjectHideFlags: 0
  m_CorrespondingSourceObject: {fileID: 0}
  m_PrefabInstance: {fileID: 0}
  m_PrefabAsset: {fileID: 0}
  m_GameObject: {fileID: 4458450358858800479}
  m_Enabled: 1
  m_EditorHideFlags: 0
  m_Script: {fileID: 11500000, guid: 7a5ac11cc976e418e8d13136b07e1f52, type: 3}
  m_Name: 
  m_EditorClassIdentifier: 
  m_AgentTypeID: 0
  m_CollectObjects: 0
  m_Size: {x: 10, y: 10, z: 10}
  m_Center: {x: 0, y: 2, z: 0}
  m_LayerMask:
    serializedVersion: 2
    m_Bits: 4294967295
  m_UseGeometry: 0
  m_DefaultArea: 0
  m_IgnoreNavMeshAgent: 1
  m_IgnoreNavMeshObstacle: 1
  m_OverrideTileSize: 0
  m_TileSize: 256
  m_OverrideVoxelSize: 0
  m_VoxelSize: 0.16666667
  m_BuildHeightMesh: 0
  m_NavMeshData: {fileID: 23800000, guid: e577d378db373de4d8d96fda3bb35254, type: 2}
--- !u!1 &7431901324923392077
GameObject:
  m_ObjectHideFlags: 0
  m_CorrespondingSourceObject: {fileID: 0}
  m_PrefabInstance: {fileID: 0}
  m_PrefabAsset: {fileID: 0}
  serializedVersion: 6
  m_Component:
  - component: {fileID: 4811596788619298009}
  m_Layer: 0
  m_Name: PortalGroup
  m_TagString: Untagged
  m_Icon: {fileID: 0}
  m_NavMeshLayer: 0
  m_StaticEditorFlags: 0
  m_IsActive: 1
--- !u!4 &4811596788619298009
Transform:
  m_ObjectHideFlags: 0
  m_CorrespondingSourceObject: {fileID: 0}
  m_PrefabInstance: {fileID: 0}
  m_PrefabAsset: {fileID: 0}
  m_GameObject: {fileID: 7431901324923392077}
  m_LocalRotation: {x: -0, y: -0, z: -0, w: 1}
  m_LocalPosition: {x: 0, y: 0, z: 56}
  m_LocalScale: {x: 1, y: 1, z: 1}
  m_Children:
  - {fileID: 1888492829469062640}
  - {fileID: 2240736493732704727}
  - {fileID: 8489963273096622506}
  m_Father: {fileID: 629953909326819971}
  m_RootOrder: 1
  m_LocalEulerAnglesHint: {x: 0, y: 0, z: 0}
--- !u!1001 &839040203806465714
PrefabInstance:
  m_ObjectHideFlags: 0
  serializedVersion: 2
  m_Modification:
    m_TransformParent: {fileID: 629953909326819971}
    m_Modifications:
    - target: {fileID: 116573927159056161, guid: 16de0d869ea9b324d8d4e8a218c475c0,
        type: 3}
      propertyPath: m_LocalPosition.x
      value: 24
      objectReference: {fileID: 0}
    - target: {fileID: 116573927159056161, guid: 16de0d869ea9b324d8d4e8a218c475c0,
        type: 3}
      propertyPath: m_LocalPosition.y
      value: 0
      objectReference: {fileID: 0}
    - target: {fileID: 116573927159056161, guid: 16de0d869ea9b324d8d4e8a218c475c0,
        type: 3}
      propertyPath: m_LocalPosition.z
      value: 24
      objectReference: {fileID: 0}
    - target: {fileID: 116573927159056161, guid: 16de0d869ea9b324d8d4e8a218c475c0,
        type: 3}
      propertyPath: m_LocalRotation.x
      value: -0
      objectReference: {fileID: 0}
    - target: {fileID: 116573927159056161, guid: 16de0d869ea9b324d8d4e8a218c475c0,
        type: 3}
      propertyPath: m_LocalRotation.y
      value: -0
      objectReference: {fileID: 0}
    - target: {fileID: 116573927159056161, guid: 16de0d869ea9b324d8d4e8a218c475c0,
        type: 3}
      propertyPath: m_LocalRotation.z
      value: -0
      objectReference: {fileID: 0}
    - target: {fileID: 116573927159056161, guid: 16de0d869ea9b324d8d4e8a218c475c0,
        type: 3}
      propertyPath: m_LocalRotation.w
      value: 1
      objectReference: {fileID: 0}
    - target: {fileID: 116573927159056161, guid: 16de0d869ea9b324d8d4e8a218c475c0,
        type: 3}
      propertyPath: m_RootOrder
      value: 8
      objectReference: {fileID: 0}
    - target: {fileID: 116573927159056161, guid: 16de0d869ea9b324d8d4e8a218c475c0,
        type: 3}
      propertyPath: m_LocalEulerAnglesHint.x
      value: 0
      objectReference: {fileID: 0}
    - target: {fileID: 116573927159056161, guid: 16de0d869ea9b324d8d4e8a218c475c0,
        type: 3}
      propertyPath: m_LocalEulerAnglesHint.y
      value: 0
      objectReference: {fileID: 0}
    - target: {fileID: 116573927159056161, guid: 16de0d869ea9b324d8d4e8a218c475c0,
        type: 3}
      propertyPath: m_LocalEulerAnglesHint.z
      value: 0
      objectReference: {fileID: 0}
    - target: {fileID: 116573927159359801, guid: 16de0d869ea9b324d8d4e8a218c475c0,
        type: 3}
      propertyPath: m_Name
      value: Skeleton (5)
      objectReference: {fileID: 0}
    m_RemovedComponents: []
  m_SourcePrefab: {fileID: 100100000, guid: 16de0d869ea9b324d8d4e8a218c475c0, type: 3}
--- !u!4 &737176095451027859 stripped
Transform:
  m_CorrespondingSourceObject: {fileID: 116573927159056161, guid: 16de0d869ea9b324d8d4e8a218c475c0,
    type: 3}
  m_PrefabInstance: {fileID: 839040203806465714}
  m_PrefabAsset: {fileID: 0}
--- !u!1001 &853239027953125582
PrefabInstance:
  m_ObjectHideFlags: 0
  serializedVersion: 2
  m_Modification:
    m_TransformParent: {fileID: 629953909326819971}
    m_Modifications:
    - target: {fileID: 116573927159056161, guid: 16de0d869ea9b324d8d4e8a218c475c0,
        type: 3}
      propertyPath: m_LocalPosition.x
      value: 48
      objectReference: {fileID: 0}
    - target: {fileID: 116573927159056161, guid: 16de0d869ea9b324d8d4e8a218c475c0,
        type: 3}
      propertyPath: m_LocalPosition.y
      value: 0
      objectReference: {fileID: 0}
    - target: {fileID: 116573927159056161, guid: 16de0d869ea9b324d8d4e8a218c475c0,
        type: 3}
      propertyPath: m_LocalPosition.z
      value: 24
      objectReference: {fileID: 0}
    - target: {fileID: 116573927159056161, guid: 16de0d869ea9b324d8d4e8a218c475c0,
        type: 3}
      propertyPath: m_LocalRotation.x
      value: -0
      objectReference: {fileID: 0}
    - target: {fileID: 116573927159056161, guid: 16de0d869ea9b324d8d4e8a218c475c0,
        type: 3}
      propertyPath: m_LocalRotation.y
      value: -0
      objectReference: {fileID: 0}
    - target: {fileID: 116573927159056161, guid: 16de0d869ea9b324d8d4e8a218c475c0,
        type: 3}
      propertyPath: m_LocalRotation.z
      value: -0
      objectReference: {fileID: 0}
    - target: {fileID: 116573927159056161, guid: 16de0d869ea9b324d8d4e8a218c475c0,
        type: 3}
      propertyPath: m_LocalRotation.w
      value: 1
      objectReference: {fileID: 0}
    - target: {fileID: 116573927159056161, guid: 16de0d869ea9b324d8d4e8a218c475c0,
        type: 3}
      propertyPath: m_RootOrder
      value: 9
      objectReference: {fileID: 0}
    - target: {fileID: 116573927159056161, guid: 16de0d869ea9b324d8d4e8a218c475c0,
        type: 3}
      propertyPath: m_LocalEulerAnglesHint.x
      value: 0
      objectReference: {fileID: 0}
    - target: {fileID: 116573927159056161, guid: 16de0d869ea9b324d8d4e8a218c475c0,
        type: 3}
      propertyPath: m_LocalEulerAnglesHint.y
      value: 0
      objectReference: {fileID: 0}
    - target: {fileID: 116573927159056161, guid: 16de0d869ea9b324d8d4e8a218c475c0,
        type: 3}
      propertyPath: m_LocalEulerAnglesHint.z
      value: 0
      objectReference: {fileID: 0}
    - target: {fileID: 116573927159359801, guid: 16de0d869ea9b324d8d4e8a218c475c0,
        type: 3}
      propertyPath: m_Name
      value: Skeleton (6)
      objectReference: {fileID: 0}
    m_RemovedComponents: []
  m_SourcePrefab: {fileID: 100100000, guid: 16de0d869ea9b324d8d4e8a218c475c0, type: 3}
--- !u!4 &741254723726086127 stripped
Transform:
  m_CorrespondingSourceObject: {fileID: 116573927159056161, guid: 16de0d869ea9b324d8d4e8a218c475c0,
    type: 3}
  m_PrefabInstance: {fileID: 853239027953125582}
  m_PrefabAsset: {fileID: 0}
--- !u!1001 &1135195438069076992
PrefabInstance:
  m_ObjectHideFlags: 0
  serializedVersion: 2
  m_Modification:
    m_TransformParent: {fileID: 629953909326819971}
    m_Modifications:
    - target: {fileID: 116573927159056161, guid: 16de0d869ea9b324d8d4e8a218c475c0,
        type: 3}
      propertyPath: m_LocalPosition.x
      value: 48
      objectReference: {fileID: 0}
    - target: {fileID: 116573927159056161, guid: 16de0d869ea9b324d8d4e8a218c475c0,
        type: 3}
      propertyPath: m_LocalPosition.y
      value: 0
      objectReference: {fileID: 0}
    - target: {fileID: 116573927159056161, guid: 16de0d869ea9b324d8d4e8a218c475c0,
        type: 3}
      propertyPath: m_LocalPosition.z
      value: 48
      objectReference: {fileID: 0}
    - target: {fileID: 116573927159056161, guid: 16de0d869ea9b324d8d4e8a218c475c0,
        type: 3}
      propertyPath: m_LocalRotation.x
      value: -0
      objectReference: {fileID: 0}
    - target: {fileID: 116573927159056161, guid: 16de0d869ea9b324d8d4e8a218c475c0,
        type: 3}
      propertyPath: m_LocalRotation.y
      value: -0
      objectReference: {fileID: 0}
    - target: {fileID: 116573927159056161, guid: 16de0d869ea9b324d8d4e8a218c475c0,
        type: 3}
      propertyPath: m_LocalRotation.z
      value: -0
      objectReference: {fileID: 0}
    - target: {fileID: 116573927159056161, guid: 16de0d869ea9b324d8d4e8a218c475c0,
        type: 3}
      propertyPath: m_LocalRotation.w
      value: 1
      objectReference: {fileID: 0}
    - target: {fileID: 116573927159056161, guid: 16de0d869ea9b324d8d4e8a218c475c0,
        type: 3}
      propertyPath: m_RootOrder
      value: 17
      objectReference: {fileID: 0}
    - target: {fileID: 116573927159056161, guid: 16de0d869ea9b324d8d4e8a218c475c0,
        type: 3}
      propertyPath: m_LocalEulerAnglesHint.x
      value: 0
      objectReference: {fileID: 0}
    - target: {fileID: 116573927159056161, guid: 16de0d869ea9b324d8d4e8a218c475c0,
        type: 3}
      propertyPath: m_LocalEulerAnglesHint.y
      value: 0
      objectReference: {fileID: 0}
    - target: {fileID: 116573927159056161, guid: 16de0d869ea9b324d8d4e8a218c475c0,
        type: 3}
      propertyPath: m_LocalEulerAnglesHint.z
      value: 0
      objectReference: {fileID: 0}
    - target: {fileID: 116573927159359801, guid: 16de0d869ea9b324d8d4e8a218c475c0,
        type: 3}
      propertyPath: m_Name
      value: Skeleton (14)
      objectReference: {fileID: 0}
    m_RemovedComponents: []
  m_SourcePrefab: {fileID: 100100000, guid: 16de0d869ea9b324d8d4e8a218c475c0, type: 3}
--- !u!4 &1035583148314006305 stripped
Transform:
  m_CorrespondingSourceObject: {fileID: 116573927159056161, guid: 16de0d869ea9b324d8d4e8a218c475c0,
    type: 3}
  m_PrefabInstance: {fileID: 1135195438069076992}
  m_PrefabAsset: {fileID: 0}
--- !u!1001 &2428530370042747301
PrefabInstance:
  m_ObjectHideFlags: 0
  serializedVersion: 2
  m_Modification:
    m_TransformParent: {fileID: 629953909326819971}
    m_Modifications:
    - target: {fileID: 116573927159056161, guid: 16de0d869ea9b324d8d4e8a218c475c0,
        type: 3}
      propertyPath: m_LocalPosition.x
      value: 12
      objectReference: {fileID: 0}
    - target: {fileID: 116573927159056161, guid: 16de0d869ea9b324d8d4e8a218c475c0,
        type: 3}
      propertyPath: m_LocalPosition.y
      value: 0
      objectReference: {fileID: 0}
    - target: {fileID: 116573927159056161, guid: 16de0d869ea9b324d8d4e8a218c475c0,
        type: 3}
      propertyPath: m_LocalPosition.z
      value: 24
      objectReference: {fileID: 0}
    - target: {fileID: 116573927159056161, guid: 16de0d869ea9b324d8d4e8a218c475c0,
        type: 3}
      propertyPath: m_LocalRotation.x
      value: -0
      objectReference: {fileID: 0}
    - target: {fileID: 116573927159056161, guid: 16de0d869ea9b324d8d4e8a218c475c0,
        type: 3}
      propertyPath: m_LocalRotation.y
      value: -0
      objectReference: {fileID: 0}
    - target: {fileID: 116573927159056161, guid: 16de0d869ea9b324d8d4e8a218c475c0,
        type: 3}
      propertyPath: m_LocalRotation.z
      value: -0
      objectReference: {fileID: 0}
    - target: {fileID: 116573927159056161, guid: 16de0d869ea9b324d8d4e8a218c475c0,
        type: 3}
      propertyPath: m_LocalRotation.w
      value: 1
      objectReference: {fileID: 0}
    - target: {fileID: 116573927159056161, guid: 16de0d869ea9b324d8d4e8a218c475c0,
        type: 3}
      propertyPath: m_RootOrder
      value: 7
      objectReference: {fileID: 0}
    - target: {fileID: 116573927159056161, guid: 16de0d869ea9b324d8d4e8a218c475c0,
        type: 3}
      propertyPath: m_LocalEulerAnglesHint.x
      value: 0
      objectReference: {fileID: 0}
    - target: {fileID: 116573927159056161, guid: 16de0d869ea9b324d8d4e8a218c475c0,
        type: 3}
      propertyPath: m_LocalEulerAnglesHint.y
      value: 0
      objectReference: {fileID: 0}
    - target: {fileID: 116573927159056161, guid: 16de0d869ea9b324d8d4e8a218c475c0,
        type: 3}
      propertyPath: m_LocalEulerAnglesHint.z
      value: 0
      objectReference: {fileID: 0}
    - target: {fileID: 116573927159359801, guid: 16de0d869ea9b324d8d4e8a218c475c0,
        type: 3}
      propertyPath: m_Name
      value: Skeleton (4)
      objectReference: {fileID: 0}
    m_RemovedComponents: []
  m_SourcePrefab: {fileID: 100100000, guid: 16de0d869ea9b324d8d4e8a218c475c0, type: 3}
--- !u!4 &2318783021148675716 stripped
Transform:
  m_CorrespondingSourceObject: {fileID: 116573927159056161, guid: 16de0d869ea9b324d8d4e8a218c475c0,
    type: 3}
  m_PrefabInstance: {fileID: 2428530370042747301}
  m_PrefabAsset: {fileID: 0}
--- !u!1001 &2784625811763810338
PrefabInstance:
  m_ObjectHideFlags: 0
  serializedVersion: 2
  m_Modification:
    m_TransformParent: {fileID: 629953909326819971}
    m_Modifications:
    - target: {fileID: 116573927159056161, guid: 16de0d869ea9b324d8d4e8a218c475c0,
        type: 3}
      propertyPath: m_LocalPosition.x
      value: 24
      objectReference: {fileID: 0}
    - target: {fileID: 116573927159056161, guid: 16de0d869ea9b324d8d4e8a218c475c0,
        type: 3}
      propertyPath: m_LocalPosition.y
      value: 0
      objectReference: {fileID: 0}
    - target: {fileID: 116573927159056161, guid: 16de0d869ea9b324d8d4e8a218c475c0,
        type: 3}
      propertyPath: m_LocalPosition.z
      value: 36
      objectReference: {fileID: 0}
    - target: {fileID: 116573927159056161, guid: 16de0d869ea9b324d8d4e8a218c475c0,
        type: 3}
      propertyPath: m_LocalRotation.x
      value: -0
      objectReference: {fileID: 0}
    - target: {fileID: 116573927159056161, guid: 16de0d869ea9b324d8d4e8a218c475c0,
        type: 3}
      propertyPath: m_LocalRotation.y
      value: -0
      objectReference: {fileID: 0}
    - target: {fileID: 116573927159056161, guid: 16de0d869ea9b324d8d4e8a218c475c0,
        type: 3}
      propertyPath: m_LocalRotation.z
      value: -0
      objectReference: {fileID: 0}
    - target: {fileID: 116573927159056161, guid: 16de0d869ea9b324d8d4e8a218c475c0,
        type: 3}
      propertyPath: m_LocalRotation.w
      value: 1
      objectReference: {fileID: 0}
    - target: {fileID: 116573927159056161, guid: 16de0d869ea9b324d8d4e8a218c475c0,
        type: 3}
      propertyPath: m_RootOrder
      value: 14
      objectReference: {fileID: 0}
    - target: {fileID: 116573927159056161, guid: 16de0d869ea9b324d8d4e8a218c475c0,
        type: 3}
      propertyPath: m_LocalEulerAnglesHint.x
      value: 0
      objectReference: {fileID: 0}
    - target: {fileID: 116573927159056161, guid: 16de0d869ea9b324d8d4e8a218c475c0,
        type: 3}
      propertyPath: m_LocalEulerAnglesHint.y
      value: 0
      objectReference: {fileID: 0}
    - target: {fileID: 116573927159056161, guid: 16de0d869ea9b324d8d4e8a218c475c0,
        type: 3}
      propertyPath: m_LocalEulerAnglesHint.z
      value: 0
      objectReference: {fileID: 0}
    - target: {fileID: 116573927159359801, guid: 16de0d869ea9b324d8d4e8a218c475c0,
        type: 3}
      propertyPath: m_Name
      value: Skeleton (11)
      objectReference: {fileID: 0}
    m_RemovedComponents: []
  m_SourcePrefab: {fileID: 100100000, guid: 16de0d869ea9b324d8d4e8a218c475c0, type: 3}
--- !u!4 &2826814924707305219 stripped
Transform:
  m_CorrespondingSourceObject: {fileID: 116573927159056161, guid: 16de0d869ea9b324d8d4e8a218c475c0,
    type: 3}
  m_PrefabInstance: {fileID: 2784625811763810338}
  m_PrefabAsset: {fileID: 0}
--- !u!1001 &3117776649915267103
PrefabInstance:
  m_ObjectHideFlags: 0
  serializedVersion: 2
  m_Modification:
    m_TransformParent: {fileID: 4811596788619298009}
    m_Modifications:
    - target: {fileID: 531420993321912997, guid: dfab36d7738ba2844896a0da865c6186,
        type: 3}
      propertyPath: m_LocalScale.x
      value: 10
      objectReference: {fileID: 0}
    - target: {fileID: 531420993321912997, guid: dfab36d7738ba2844896a0da865c6186,
        type: 3}
      propertyPath: m_LocalScale.y
      value: 0.01
      objectReference: {fileID: 0}
    - target: {fileID: 531420993321912997, guid: dfab36d7738ba2844896a0da865c6186,
        type: 3}
      propertyPath: m_LocalScale.z
      value: 10
      objectReference: {fileID: 0}
    - target: {fileID: 1163720474706718718, guid: dfab36d7738ba2844896a0da865c6186,
        type: 3}
      propertyPath: m_Material
      value: 
      objectReference: {fileID: 0}
    - target: {fileID: 1163720474706718718, guid: dfab36d7738ba2844896a0da865c6186,
        type: 3}
      propertyPath: m_sharedMaterial
      value: 
      objectReference: {fileID: 0}
    - target: {fileID: 2488673730148782316, guid: dfab36d7738ba2844896a0da865c6186,
        type: 3}
      propertyPath: m_textInfo.characterCount
      value: 8
      objectReference: {fileID: 0}
    - target: {fileID: 2488673730148782316, guid: dfab36d7738ba2844896a0da865c6186,
        type: 3}
      propertyPath: m_textInfo.spaceCount
      value: 1
      objectReference: {fileID: 0}
    - target: {fileID: 2488673730148782316, guid: dfab36d7738ba2844896a0da865c6186,
        type: 3}
      propertyPath: m_textInfo.wordCount
      value: 2
      objectReference: {fileID: 0}
    - target: {fileID: 2488673730148782316, guid: dfab36d7738ba2844896a0da865c6186,
        type: 3}
      propertyPath: m_textInfo.lineCount
      value: 1
      objectReference: {fileID: 0}
    - target: {fileID: 2488673730148782316, guid: dfab36d7738ba2844896a0da865c6186,
        type: 3}
      propertyPath: m_textInfo.pageCount
      value: 1
      objectReference: {fileID: 0}
    - target: {fileID: 2488673730148782316, guid: dfab36d7738ba2844896a0da865c6186,
        type: 3}
      propertyPath: m_textInfo.materialCount
      value: 2
      objectReference: {fileID: 0}
    - target: {fileID: 6815909711955462581, guid: dfab36d7738ba2844896a0da865c6186,
        type: 3}
      propertyPath: m_LocalPosition.x
      value: 56
      objectReference: {fileID: 0}
    - target: {fileID: 6815909711955462581, guid: dfab36d7738ba2844896a0da865c6186,
        type: 3}
      propertyPath: m_LocalPosition.y
      value: 0
      objectReference: {fileID: 0}
    - target: {fileID: 6815909711955462581, guid: dfab36d7738ba2844896a0da865c6186,
        type: 3}
      propertyPath: m_LocalPosition.z
      value: 0
      objectReference: {fileID: 0}
    - target: {fileID: 6815909711955462581, guid: dfab36d7738ba2844896a0da865c6186,
        type: 3}
      propertyPath: m_LocalRotation.x
      value: 1
      objectReference: {fileID: 0}
    - target: {fileID: 6815909711955462581, guid: dfab36d7738ba2844896a0da865c6186,
        type: 3}
      propertyPath: m_LocalRotation.y
      value: -0
      objectReference: {fileID: 0}
    - target: {fileID: 6815909711955462581, guid: dfab36d7738ba2844896a0da865c6186,
        type: 3}
      propertyPath: m_LocalRotation.z
      value: -0
      objectReference: {fileID: 0}
    - target: {fileID: 6815909711955462581, guid: dfab36d7738ba2844896a0da865c6186,
        type: 3}
      propertyPath: m_LocalRotation.w
      value: 0
      objectReference: {fileID: 0}
    - target: {fileID: 6815909711955462581, guid: dfab36d7738ba2844896a0da865c6186,
        type: 3}
      propertyPath: m_RootOrder
      value: 2
      objectReference: {fileID: 0}
    - target: {fileID: 6815909711955462581, guid: dfab36d7738ba2844896a0da865c6186,
        type: 3}
      propertyPath: m_LocalEulerAnglesHint.x
      value: 180
      objectReference: {fileID: 0}
    - target: {fileID: 6815909711955462581, guid: dfab36d7738ba2844896a0da865c6186,
        type: 3}
      propertyPath: m_LocalEulerAnglesHint.y
      value: 0
      objectReference: {fileID: 0}
    - target: {fileID: 6815909711955462581, guid: dfab36d7738ba2844896a0da865c6186,
        type: 3}
      propertyPath: m_LocalEulerAnglesHint.z
      value: 0
      objectReference: {fileID: 0}
    - target: {fileID: 6815909711955462581, guid: dfab36d7738ba2844896a0da865c6186,
        type: 3}
      propertyPath: m_LocalScale.x
      value: 0.1
      objectReference: {fileID: 0}
    - target: {fileID: 6815909711955462581, guid: dfab36d7738ba2844896a0da865c6186,
        type: 3}
      propertyPath: m_LocalScale.y
      value: 0.1
      objectReference: {fileID: 0}
    - target: {fileID: 6815909711955462581, guid: dfab36d7738ba2844896a0da865c6186,
        type: 3}
      propertyPath: m_LocalScale.z
      value: 0.1
      objectReference: {fileID: 0}
    - target: {fileID: 7312430629858431849, guid: dfab36d7738ba2844896a0da865c6186,
        type: 3}
      propertyPath: m_Name
      value: RightPortalMom
      objectReference: {fileID: 0}
    m_RemovedComponents: []
  m_SourcePrefab: {fileID: 100100000, guid: dfab36d7738ba2844896a0da865c6186, type: 3}
--- !u!4 &8489963273096622506 stripped
Transform:
  m_CorrespondingSourceObject: {fileID: 6815909711955462581, guid: dfab36d7738ba2844896a0da865c6186,
    type: 3}
  m_PrefabInstance: {fileID: 3117776649915267103}
  m_PrefabAsset: {fileID: 0}
--- !u!1001 &4131066053028200584
PrefabInstance:
  m_ObjectHideFlags: 0
  serializedVersion: 2
  m_Modification:
    m_TransformParent: {fileID: 629953909326819971}
    m_Modifications:
    - target: {fileID: 116573927159056161, guid: 16de0d869ea9b324d8d4e8a218c475c0,
        type: 3}
      propertyPath: m_LocalPosition.x
      value: 36
      objectReference: {fileID: 0}
    - target: {fileID: 116573927159056161, guid: 16de0d869ea9b324d8d4e8a218c475c0,
        type: 3}
      propertyPath: m_LocalPosition.y
      value: 0
      objectReference: {fileID: 0}
    - target: {fileID: 116573927159056161, guid: 16de0d869ea9b324d8d4e8a218c475c0,
        type: 3}
      propertyPath: m_LocalPosition.z
      value: 48
      objectReference: {fileID: 0}
    - target: {fileID: 116573927159056161, guid: 16de0d869ea9b324d8d4e8a218c475c0,
        type: 3}
      propertyPath: m_LocalRotation.x
      value: -0
      objectReference: {fileID: 0}
    - target: {fileID: 116573927159056161, guid: 16de0d869ea9b324d8d4e8a218c475c0,
        type: 3}
      propertyPath: m_LocalRotation.y
      value: -0
      objectReference: {fileID: 0}
    - target: {fileID: 116573927159056161, guid: 16de0d869ea9b324d8d4e8a218c475c0,
        type: 3}
      propertyPath: m_LocalRotation.z
      value: -0
      objectReference: {fileID: 0}
    - target: {fileID: 116573927159056161, guid: 16de0d869ea9b324d8d4e8a218c475c0,
        type: 3}
      propertyPath: m_LocalRotation.w
      value: 1
      objectReference: {fileID: 0}
    - target: {fileID: 116573927159056161, guid: 16de0d869ea9b324d8d4e8a218c475c0,
        type: 3}
      propertyPath: m_RootOrder
      value: 18
      objectReference: {fileID: 0}
    - target: {fileID: 116573927159056161, guid: 16de0d869ea9b324d8d4e8a218c475c0,
        type: 3}
      propertyPath: m_LocalEulerAnglesHint.x
      value: 0
      objectReference: {fileID: 0}
    - target: {fileID: 116573927159056161, guid: 16de0d869ea9b324d8d4e8a218c475c0,
        type: 3}
      propertyPath: m_LocalEulerAnglesHint.y
      value: 0
      objectReference: {fileID: 0}
    - target: {fileID: 116573927159056161, guid: 16de0d869ea9b324d8d4e8a218c475c0,
        type: 3}
      propertyPath: m_LocalEulerAnglesHint.z
      value: 0
      objectReference: {fileID: 0}
    - target: {fileID: 116573927159359801, guid: 16de0d869ea9b324d8d4e8a218c475c0,
        type: 3}
      propertyPath: m_Name
      value: Skeleton (15)
      objectReference: {fileID: 0}
    m_RemovedComponents: []
  m_SourcePrefab: {fileID: 100100000, guid: 16de0d869ea9b324d8d4e8a218c475c0, type: 3}
--- !u!4 &4092182091834886057 stripped
Transform:
  m_CorrespondingSourceObject: {fileID: 116573927159056161, guid: 16de0d869ea9b324d8d4e8a218c475c0,
    type: 3}
  m_PrefabInstance: {fileID: 4131066053028200584}
  m_PrefabAsset: {fileID: 0}
--- !u!1001 &4283146702777556407
PrefabInstance:
  m_ObjectHideFlags: 0
  serializedVersion: 2
  m_Modification:
    m_TransformParent: {fileID: 629953909326819971}
    m_Modifications:
    - target: {fileID: 116573927159056161, guid: 16de0d869ea9b324d8d4e8a218c475c0,
        type: 3}
      propertyPath: m_LocalPosition.x
      value: 24
      objectReference: {fileID: 0}
    - target: {fileID: 116573927159056161, guid: 16de0d869ea9b324d8d4e8a218c475c0,
        type: 3}
      propertyPath: m_LocalPosition.y
      value: 0
      objectReference: {fileID: 0}
    - target: {fileID: 116573927159056161, guid: 16de0d869ea9b324d8d4e8a218c475c0,
        type: 3}
      propertyPath: m_LocalPosition.z
      value: 48
      objectReference: {fileID: 0}
    - target: {fileID: 116573927159056161, guid: 16de0d869ea9b324d8d4e8a218c475c0,
        type: 3}
      propertyPath: m_LocalRotation.x
      value: -0
      objectReference: {fileID: 0}
    - target: {fileID: 116573927159056161, guid: 16de0d869ea9b324d8d4e8a218c475c0,
        type: 3}
      propertyPath: m_LocalRotation.y
      value: -0
      objectReference: {fileID: 0}
    - target: {fileID: 116573927159056161, guid: 16de0d869ea9b324d8d4e8a218c475c0,
        type: 3}
      propertyPath: m_LocalRotation.z
      value: -0
      objectReference: {fileID: 0}
    - target: {fileID: 116573927159056161, guid: 16de0d869ea9b324d8d4e8a218c475c0,
        type: 3}
      propertyPath: m_LocalRotation.w
      value: 1
      objectReference: {fileID: 0}
    - target: {fileID: 116573927159056161, guid: 16de0d869ea9b324d8d4e8a218c475c0,
        type: 3}
      propertyPath: m_RootOrder
      value: 16
      objectReference: {fileID: 0}
    - target: {fileID: 116573927159056161, guid: 16de0d869ea9b324d8d4e8a218c475c0,
        type: 3}
      propertyPath: m_LocalEulerAnglesHint.x
      value: 0
      objectReference: {fileID: 0}
    - target: {fileID: 116573927159056161, guid: 16de0d869ea9b324d8d4e8a218c475c0,
        type: 3}
      propertyPath: m_LocalEulerAnglesHint.y
      value: 0
      objectReference: {fileID: 0}
    - target: {fileID: 116573927159056161, guid: 16de0d869ea9b324d8d4e8a218c475c0,
        type: 3}
      propertyPath: m_LocalEulerAnglesHint.z
      value: 0
      objectReference: {fileID: 0}
    - target: {fileID: 116573927159359801, guid: 16de0d869ea9b324d8d4e8a218c475c0,
        type: 3}
      propertyPath: m_Name
      value: Skeleton (13)
      objectReference: {fileID: 0}
    m_RemovedComponents: []
  m_SourcePrefab: {fileID: 100100000, guid: 16de0d869ea9b324d8d4e8a218c475c0, type: 3}
--- !u!4 &4246591420775946902 stripped
Transform:
  m_CorrespondingSourceObject: {fileID: 116573927159056161, guid: 16de0d869ea9b324d8d4e8a218c475c0,
    type: 3}
  m_PrefabInstance: {fileID: 4283146702777556407}
  m_PrefabAsset: {fileID: 0}
--- !u!1001 &4384311732739288877
PrefabInstance:
  m_ObjectHideFlags: 0
  serializedVersion: 2
  m_Modification:
    m_TransformParent: {fileID: 629953909326819971}
    m_Modifications:
    - target: {fileID: 116573927159056161, guid: 16de0d869ea9b324d8d4e8a218c475c0,
        type: 3}
      propertyPath: m_LocalPosition.x
      value: 36
      objectReference: {fileID: 0}
    - target: {fileID: 116573927159056161, guid: 16de0d869ea9b324d8d4e8a218c475c0,
        type: 3}
      propertyPath: m_LocalPosition.y
      value: 0
      objectReference: {fileID: 0}
    - target: {fileID: 116573927159056161, guid: 16de0d869ea9b324d8d4e8a218c475c0,
        type: 3}
      propertyPath: m_LocalPosition.z
      value: 24
      objectReference: {fileID: 0}
    - target: {fileID: 116573927159056161, guid: 16de0d869ea9b324d8d4e8a218c475c0,
        type: 3}
      propertyPath: m_LocalRotation.x
      value: -0
      objectReference: {fileID: 0}
    - target: {fileID: 116573927159056161, guid: 16de0d869ea9b324d8d4e8a218c475c0,
        type: 3}
      propertyPath: m_LocalRotation.y
      value: -0
      objectReference: {fileID: 0}
    - target: {fileID: 116573927159056161, guid: 16de0d869ea9b324d8d4e8a218c475c0,
        type: 3}
      propertyPath: m_LocalRotation.z
      value: -0
      objectReference: {fileID: 0}
    - target: {fileID: 116573927159056161, guid: 16de0d869ea9b324d8d4e8a218c475c0,
        type: 3}
      propertyPath: m_LocalRotation.w
      value: 1
      objectReference: {fileID: 0}
    - target: {fileID: 116573927159056161, guid: 16de0d869ea9b324d8d4e8a218c475c0,
        type: 3}
      propertyPath: m_RootOrder
      value: 10
      objectReference: {fileID: 0}
    - target: {fileID: 116573927159056161, guid: 16de0d869ea9b324d8d4e8a218c475c0,
        type: 3}
      propertyPath: m_LocalEulerAnglesHint.x
      value: 0
      objectReference: {fileID: 0}
    - target: {fileID: 116573927159056161, guid: 16de0d869ea9b324d8d4e8a218c475c0,
        type: 3}
      propertyPath: m_LocalEulerAnglesHint.y
      value: 0
      objectReference: {fileID: 0}
    - target: {fileID: 116573927159056161, guid: 16de0d869ea9b324d8d4e8a218c475c0,
        type: 3}
      propertyPath: m_LocalEulerAnglesHint.z
      value: 0
      objectReference: {fileID: 0}
    - target: {fileID: 116573927159359801, guid: 16de0d869ea9b324d8d4e8a218c475c0,
        type: 3}
      propertyPath: m_Name
      value: Skeleton (7)
      objectReference: {fileID: 0}
    m_RemovedComponents: []
  m_SourcePrefab: {fileID: 100100000, guid: 16de0d869ea9b324d8d4e8a218c475c0, type: 3}
--- !u!4 &4415237464674002956 stripped
Transform:
  m_CorrespondingSourceObject: {fileID: 116573927159056161, guid: 16de0d869ea9b324d8d4e8a218c475c0,
    type: 3}
  m_PrefabInstance: {fileID: 4384311732739288877}
  m_PrefabAsset: {fileID: 0}
--- !u!1001 &4451169298317159088
PrefabInstance:
  m_ObjectHideFlags: 0
  serializedVersion: 2
  m_Modification:
    m_TransformParent: {fileID: 629953909326819971}
    m_Modifications:
    - target: {fileID: 116573927159056161, guid: 16de0d869ea9b324d8d4e8a218c475c0,
        type: 3}
      propertyPath: m_LocalPosition.x
      value: 36
      objectReference: {fileID: 0}
    - target: {fileID: 116573927159056161, guid: 16de0d869ea9b324d8d4e8a218c475c0,
        type: 3}
      propertyPath: m_LocalPosition.y
      value: 0
      objectReference: {fileID: 0}
    - target: {fileID: 116573927159056161, guid: 16de0d869ea9b324d8d4e8a218c475c0,
        type: 3}
      propertyPath: m_LocalPosition.z
      value: 36
      objectReference: {fileID: 0}
    - target: {fileID: 116573927159056161, guid: 16de0d869ea9b324d8d4e8a218c475c0,
        type: 3}
      propertyPath: m_LocalRotation.x
      value: -0
      objectReference: {fileID: 0}
    - target: {fileID: 116573927159056161, guid: 16de0d869ea9b324d8d4e8a218c475c0,
        type: 3}
      propertyPath: m_LocalRotation.y
      value: -0
      objectReference: {fileID: 0}
    - target: {fileID: 116573927159056161, guid: 16de0d869ea9b324d8d4e8a218c475c0,
        type: 3}
      propertyPath: m_LocalRotation.z
      value: -0
      objectReference: {fileID: 0}
    - target: {fileID: 116573927159056161, guid: 16de0d869ea9b324d8d4e8a218c475c0,
        type: 3}
      propertyPath: m_LocalRotation.w
      value: 1
      objectReference: {fileID: 0}
    - target: {fileID: 116573927159056161, guid: 16de0d869ea9b324d8d4e8a218c475c0,
        type: 3}
      propertyPath: m_RootOrder
      value: 12
      objectReference: {fileID: 0}
    - target: {fileID: 116573927159056161, guid: 16de0d869ea9b324d8d4e8a218c475c0,
        type: 3}
      propertyPath: m_LocalEulerAnglesHint.x
      value: 0
      objectReference: {fileID: 0}
    - target: {fileID: 116573927159056161, guid: 16de0d869ea9b324d8d4e8a218c475c0,
        type: 3}
      propertyPath: m_LocalEulerAnglesHint.y
      value: 0
      objectReference: {fileID: 0}
    - target: {fileID: 116573927159056161, guid: 16de0d869ea9b324d8d4e8a218c475c0,
        type: 3}
      propertyPath: m_LocalEulerAnglesHint.z
      value: 0
      objectReference: {fileID: 0}
    - target: {fileID: 116573927159359801, guid: 16de0d869ea9b324d8d4e8a218c475c0,
        type: 3}
      propertyPath: m_Name
      value: Skeleton (9)
      objectReference: {fileID: 0}
    m_RemovedComponents: []
  m_SourcePrefab: {fileID: 100100000, guid: 16de0d869ea9b324d8d4e8a218c475c0, type: 3}
--- !u!4 &4349243290620718481 stripped
Transform:
  m_CorrespondingSourceObject: {fileID: 116573927159056161, guid: 16de0d869ea9b324d8d4e8a218c475c0,
    type: 3}
  m_PrefabInstance: {fileID: 4451169298317159088}
  m_PrefabAsset: {fileID: 0}
--- !u!1001 &4540581628929778061
PrefabInstance:
  m_ObjectHideFlags: 0
  serializedVersion: 2
  m_Modification:
    m_TransformParent: {fileID: 629953909326819971}
    m_Modifications:
    - target: {fileID: 116573927159056161, guid: 16de0d869ea9b324d8d4e8a218c475c0,
        type: 3}
      propertyPath: m_LocalPosition.x
      value: 12
      objectReference: {fileID: 0}
    - target: {fileID: 116573927159056161, guid: 16de0d869ea9b324d8d4e8a218c475c0,
        type: 3}
      propertyPath: m_LocalPosition.y
      value: 0
      objectReference: {fileID: 0}
    - target: {fileID: 116573927159056161, guid: 16de0d869ea9b324d8d4e8a218c475c0,
        type: 3}
      propertyPath: m_LocalPosition.z
      value: 48
      objectReference: {fileID: 0}
    - target: {fileID: 116573927159056161, guid: 16de0d869ea9b324d8d4e8a218c475c0,
        type: 3}
      propertyPath: m_LocalRotation.x
      value: -0
      objectReference: {fileID: 0}
    - target: {fileID: 116573927159056161, guid: 16de0d869ea9b324d8d4e8a218c475c0,
        type: 3}
      propertyPath: m_LocalRotation.y
      value: -0
      objectReference: {fileID: 0}
    - target: {fileID: 116573927159056161, guid: 16de0d869ea9b324d8d4e8a218c475c0,
        type: 3}
      propertyPath: m_LocalRotation.z
      value: -0
      objectReference: {fileID: 0}
    - target: {fileID: 116573927159056161, guid: 16de0d869ea9b324d8d4e8a218c475c0,
        type: 3}
      propertyPath: m_LocalRotation.w
      value: 1
      objectReference: {fileID: 0}
    - target: {fileID: 116573927159056161, guid: 16de0d869ea9b324d8d4e8a218c475c0,
        type: 3}
      propertyPath: m_RootOrder
      value: 15
      objectReference: {fileID: 0}
    - target: {fileID: 116573927159056161, guid: 16de0d869ea9b324d8d4e8a218c475c0,
        type: 3}
      propertyPath: m_LocalEulerAnglesHint.x
      value: 0
      objectReference: {fileID: 0}
    - target: {fileID: 116573927159056161, guid: 16de0d869ea9b324d8d4e8a218c475c0,
        type: 3}
      propertyPath: m_LocalEulerAnglesHint.y
      value: 0
      objectReference: {fileID: 0}
    - target: {fileID: 116573927159056161, guid: 16de0d869ea9b324d8d4e8a218c475c0,
        type: 3}
      propertyPath: m_LocalEulerAnglesHint.z
      value: 0
      objectReference: {fileID: 0}
    - target: {fileID: 116573927159359801, guid: 16de0d869ea9b324d8d4e8a218c475c0,
        type: 3}
      propertyPath: m_Name
      value: Skeleton (12)
      objectReference: {fileID: 0}
    m_RemovedComponents: []
  m_SourcePrefab: {fileID: 100100000, guid: 16de0d869ea9b324d8d4e8a218c475c0, type: 3}
--- !u!4 &4511839029354129068 stripped
Transform:
  m_CorrespondingSourceObject: {fileID: 116573927159056161, guid: 16de0d869ea9b324d8d4e8a218c475c0,
    type: 3}
  m_PrefabInstance: {fileID: 4540581628929778061}
  m_PrefabAsset: {fileID: 0}
--- !u!1001 &4723792487230781538
PrefabInstance:
  m_ObjectHideFlags: 0
  serializedVersion: 2
  m_Modification:
    m_TransformParent: {fileID: 4811596788619298009}
    m_Modifications:
    - target: {fileID: 2459768059781120589, guid: 4e655149632fd0d46880414f74cdd2bc,
        type: 3}
      propertyPath: m_LocalScale.x
      value: 10
      objectReference: {fileID: 0}
    - target: {fileID: 2459768059781120589, guid: 4e655149632fd0d46880414f74cdd2bc,
        type: 3}
      propertyPath: m_LocalScale.y
      value: 0.01
      objectReference: {fileID: 0}
    - target: {fileID: 2459768059781120589, guid: 4e655149632fd0d46880414f74cdd2bc,
        type: 3}
      propertyPath: m_LocalScale.z
      value: 10
      objectReference: {fileID: 0}
    - target: {fileID: 5616685890648990707, guid: 4e655149632fd0d46880414f74cdd2bc,
        type: 3}
      propertyPath: m_textInfo.characterCount
      value: 8
      objectReference: {fileID: 0}
    - target: {fileID: 5616685890648990707, guid: 4e655149632fd0d46880414f74cdd2bc,
        type: 3}
      propertyPath: m_textInfo.spaceCount
      value: 1
      objectReference: {fileID: 0}
    - target: {fileID: 5616685890648990707, guid: 4e655149632fd0d46880414f74cdd2bc,
        type: 3}
      propertyPath: m_textInfo.wordCount
      value: 2
      objectReference: {fileID: 0}
    - target: {fileID: 5616685890648990707, guid: 4e655149632fd0d46880414f74cdd2bc,
        type: 3}
      propertyPath: m_textInfo.lineCount
      value: 1
      objectReference: {fileID: 0}
    - target: {fileID: 5616685890648990707, guid: 4e655149632fd0d46880414f74cdd2bc,
        type: 3}
      propertyPath: m_textInfo.pageCount
      value: 1
      objectReference: {fileID: 0}
    - target: {fileID: 5616685890648990707, guid: 4e655149632fd0d46880414f74cdd2bc,
        type: 3}
      propertyPath: m_textInfo.materialCount
      value: 2
      objectReference: {fileID: 0}
    - target: {fileID: 6815909711955462581, guid: 4e655149632fd0d46880414f74cdd2bc,
        type: 3}
      propertyPath: m_LocalPosition.x
      value: 28
      objectReference: {fileID: 0}
    - target: {fileID: 6815909711955462581, guid: 4e655149632fd0d46880414f74cdd2bc,
        type: 3}
      propertyPath: m_LocalPosition.y
      value: 0
      objectReference: {fileID: 0}
    - target: {fileID: 6815909711955462581, guid: 4e655149632fd0d46880414f74cdd2bc,
        type: 3}
      propertyPath: m_LocalPosition.z
      value: 0
      objectReference: {fileID: 0}
    - target: {fileID: 6815909711955462581, guid: 4e655149632fd0d46880414f74cdd2bc,
        type: 3}
      propertyPath: m_LocalRotation.x
      value: 1
      objectReference: {fileID: 0}
    - target: {fileID: 6815909711955462581, guid: 4e655149632fd0d46880414f74cdd2bc,
        type: 3}
      propertyPath: m_LocalRotation.y
      value: -0
      objectReference: {fileID: 0}
    - target: {fileID: 6815909711955462581, guid: 4e655149632fd0d46880414f74cdd2bc,
        type: 3}
      propertyPath: m_LocalRotation.z
      value: -0
      objectReference: {fileID: 0}
    - target: {fileID: 6815909711955462581, guid: 4e655149632fd0d46880414f74cdd2bc,
        type: 3}
      propertyPath: m_LocalRotation.w
      value: 0
      objectReference: {fileID: 0}
    - target: {fileID: 6815909711955462581, guid: 4e655149632fd0d46880414f74cdd2bc,
        type: 3}
      propertyPath: m_RootOrder
      value: 1
      objectReference: {fileID: 0}
    - target: {fileID: 6815909711955462581, guid: 4e655149632fd0d46880414f74cdd2bc,
        type: 3}
      propertyPath: m_LocalEulerAnglesHint.x
      value: 180
      objectReference: {fileID: 0}
    - target: {fileID: 6815909711955462581, guid: 4e655149632fd0d46880414f74cdd2bc,
        type: 3}
      propertyPath: m_LocalEulerAnglesHint.y
      value: 0
      objectReference: {fileID: 0}
    - target: {fileID: 6815909711955462581, guid: 4e655149632fd0d46880414f74cdd2bc,
        type: 3}
      propertyPath: m_LocalEulerAnglesHint.z
      value: 0
      objectReference: {fileID: 0}
    - target: {fileID: 6815909711955462581, guid: 4e655149632fd0d46880414f74cdd2bc,
        type: 3}
      propertyPath: m_LocalScale.x
      value: 0.1
      objectReference: {fileID: 0}
    - target: {fileID: 6815909711955462581, guid: 4e655149632fd0d46880414f74cdd2bc,
        type: 3}
      propertyPath: m_LocalScale.y
      value: 0.1
      objectReference: {fileID: 0}
    - target: {fileID: 6815909711955462581, guid: 4e655149632fd0d46880414f74cdd2bc,
        type: 3}
      propertyPath: m_LocalScale.z
      value: 0.1
      objectReference: {fileID: 0}
    - target: {fileID: 7312430629858431849, guid: 4e655149632fd0d46880414f74cdd2bc,
        type: 3}
      propertyPath: m_Name
      value: PortalMom
      objectReference: {fileID: 0}
    - target: {fileID: 9177680758913342689, guid: 4e655149632fd0d46880414f74cdd2bc,
        type: 3}
      propertyPath: m_Material
      value: 
      objectReference: {fileID: 0}
    - target: {fileID: 9177680758913342689, guid: 4e655149632fd0d46880414f74cdd2bc,
        type: 3}
      propertyPath: m_sharedMaterial
      value: 
      objectReference: {fileID: 0}
    m_RemovedComponents: []
  m_SourcePrefab: {fileID: 100100000, guid: 4e655149632fd0d46880414f74cdd2bc, type: 3}
--- !u!4 &2240736493732704727 stripped
Transform:
  m_CorrespondingSourceObject: {fileID: 6815909711955462581, guid: 4e655149632fd0d46880414f74cdd2bc,
    type: 3}
  m_PrefabInstance: {fileID: 4723792487230781538}
  m_PrefabAsset: {fileID: 0}
--- !u!1001 &4946007906301361221
PrefabInstance:
  m_ObjectHideFlags: 0
  serializedVersion: 2
  m_Modification:
    m_TransformParent: {fileID: 4811596788619298009}
    m_Modifications:
    - target: {fileID: 1466885213902753394, guid: 39315957c221caa41ae5e45c50097fbc,
        type: 3}
      propertyPath: m_textInfo.characterCount
      value: 8
      objectReference: {fileID: 0}
    - target: {fileID: 1466885213902753394, guid: 39315957c221caa41ae5e45c50097fbc,
        type: 3}
      propertyPath: m_textInfo.spaceCount
      value: 1
      objectReference: {fileID: 0}
    - target: {fileID: 1466885213902753394, guid: 39315957c221caa41ae5e45c50097fbc,
        type: 3}
      propertyPath: m_textInfo.wordCount
      value: 2
      objectReference: {fileID: 0}
    - target: {fileID: 1466885213902753394, guid: 39315957c221caa41ae5e45c50097fbc,
        type: 3}
      propertyPath: m_textInfo.lineCount
      value: 1
      objectReference: {fileID: 0}
    - target: {fileID: 1466885213902753394, guid: 39315957c221caa41ae5e45c50097fbc,
        type: 3}
      propertyPath: m_textInfo.pageCount
      value: 1
      objectReference: {fileID: 0}
    - target: {fileID: 1466885213902753394, guid: 39315957c221caa41ae5e45c50097fbc,
        type: 3}
      propertyPath: m_textInfo.materialCount
      value: 2
      objectReference: {fileID: 0}
    - target: {fileID: 2807073379626070368, guid: 39315957c221caa41ae5e45c50097fbc,
        type: 3}
      propertyPath: m_Material
      value: 
      objectReference: {fileID: 0}
    - target: {fileID: 2807073379626070368, guid: 39315957c221caa41ae5e45c50097fbc,
        type: 3}
      propertyPath: m_sharedMaterial
      value: 
      objectReference: {fileID: 0}
    - target: {fileID: 5187424337423980340, guid: 39315957c221caa41ae5e45c50097fbc,
        type: 3}
      propertyPath: m_LocalScale.x
      value: 10
      objectReference: {fileID: 0}
    - target: {fileID: 5187424337423980340, guid: 39315957c221caa41ae5e45c50097fbc,
        type: 3}
      propertyPath: m_LocalScale.y
      value: 0.01
      objectReference: {fileID: 0}
    - target: {fileID: 5187424337423980340, guid: 39315957c221caa41ae5e45c50097fbc,
        type: 3}
      propertyPath: m_LocalScale.z
      value: 10
      objectReference: {fileID: 0}
    - target: {fileID: 6815909711955462581, guid: 39315957c221caa41ae5e45c50097fbc,
        type: 3}
      propertyPath: m_LocalPosition.x
      value: 0
      objectReference: {fileID: 0}
    - target: {fileID: 6815909711955462581, guid: 39315957c221caa41ae5e45c50097fbc,
        type: 3}
      propertyPath: m_LocalPosition.y
      value: 0
      objectReference: {fileID: 0}
    - target: {fileID: 6815909711955462581, guid: 39315957c221caa41ae5e45c50097fbc,
        type: 3}
      propertyPath: m_LocalPosition.z
      value: 0
      objectReference: {fileID: 0}
    - target: {fileID: 6815909711955462581, guid: 39315957c221caa41ae5e45c50097fbc,
        type: 3}
      propertyPath: m_LocalRotation.x
      value: 1
      objectReference: {fileID: 0}
    - target: {fileID: 6815909711955462581, guid: 39315957c221caa41ae5e45c50097fbc,
        type: 3}
      propertyPath: m_LocalRotation.y
      value: -0
      objectReference: {fileID: 0}
    - target: {fileID: 6815909711955462581, guid: 39315957c221caa41ae5e45c50097fbc,
        type: 3}
      propertyPath: m_LocalRotation.z
      value: -0
      objectReference: {fileID: 0}
    - target: {fileID: 6815909711955462581, guid: 39315957c221caa41ae5e45c50097fbc,
        type: 3}
      propertyPath: m_LocalRotation.w
      value: 0
      objectReference: {fileID: 0}
    - target: {fileID: 6815909711955462581, guid: 39315957c221caa41ae5e45c50097fbc,
        type: 3}
      propertyPath: m_RootOrder
      value: 0
      objectReference: {fileID: 0}
    - target: {fileID: 6815909711955462581, guid: 39315957c221caa41ae5e45c50097fbc,
        type: 3}
      propertyPath: m_LocalEulerAnglesHint.x
      value: 180
      objectReference: {fileID: 0}
    - target: {fileID: 6815909711955462581, guid: 39315957c221caa41ae5e45c50097fbc,
        type: 3}
      propertyPath: m_LocalEulerAnglesHint.y
      value: 0
      objectReference: {fileID: 0}
    - target: {fileID: 6815909711955462581, guid: 39315957c221caa41ae5e45c50097fbc,
        type: 3}
      propertyPath: m_LocalEulerAnglesHint.z
      value: 0
      objectReference: {fileID: 0}
    - target: {fileID: 6815909711955462581, guid: 39315957c221caa41ae5e45c50097fbc,
        type: 3}
      propertyPath: m_LocalScale.x
      value: 0.1
      objectReference: {fileID: 0}
    - target: {fileID: 6815909711955462581, guid: 39315957c221caa41ae5e45c50097fbc,
        type: 3}
      propertyPath: m_LocalScale.y
      value: 0.1
      objectReference: {fileID: 0}
    - target: {fileID: 6815909711955462581, guid: 39315957c221caa41ae5e45c50097fbc,
        type: 3}
      propertyPath: m_LocalScale.z
      value: 0.1
      objectReference: {fileID: 0}
    - target: {fileID: 7312430629858431849, guid: 39315957c221caa41ae5e45c50097fbc,
        type: 3}
      propertyPath: m_Name
      value: LeftPortalMom
      objectReference: {fileID: 0}
    m_RemovedComponents: []
  m_SourcePrefab: {fileID: 100100000, guid: 39315957c221caa41ae5e45c50097fbc, type: 3}
--- !u!4 &1888492829469062640 stripped
Transform:
  m_CorrespondingSourceObject: {fileID: 6815909711955462581, guid: 39315957c221caa41ae5e45c50097fbc,
    type: 3}
  m_PrefabInstance: {fileID: 4946007906301361221}
  m_PrefabAsset: {fileID: 0}
--- !u!1001 &5594485065544551224
PrefabInstance:
  m_ObjectHideFlags: 0
  serializedVersion: 2
  m_Modification:
    m_TransformParent: {fileID: 629953909326819971}
    m_Modifications:
    - target: {fileID: 116573927159056161, guid: 16de0d869ea9b324d8d4e8a218c475c0,
        type: 3}
      propertyPath: m_LocalPosition.x
      value: 24
      objectReference: {fileID: 0}
    - target: {fileID: 116573927159056161, guid: 16de0d869ea9b324d8d4e8a218c475c0,
        type: 3}
      propertyPath: m_LocalPosition.y
      value: 0
      objectReference: {fileID: 0}
    - target: {fileID: 116573927159056161, guid: 16de0d869ea9b324d8d4e8a218c475c0,
        type: 3}
      propertyPath: m_LocalPosition.z
      value: 12
      objectReference: {fileID: 0}
    - target: {fileID: 116573927159056161, guid: 16de0d869ea9b324d8d4e8a218c475c0,
        type: 3}
      propertyPath: m_LocalRotation.x
      value: -0
      objectReference: {fileID: 0}
    - target: {fileID: 116573927159056161, guid: 16de0d869ea9b324d8d4e8a218c475c0,
        type: 3}
      propertyPath: m_LocalRotation.y
      value: -0
      objectReference: {fileID: 0}
    - target: {fileID: 116573927159056161, guid: 16de0d869ea9b324d8d4e8a218c475c0,
        type: 3}
      propertyPath: m_LocalRotation.z
      value: -0
      objectReference: {fileID: 0}
    - target: {fileID: 116573927159056161, guid: 16de0d869ea9b324d8d4e8a218c475c0,
        type: 3}
      propertyPath: m_LocalRotation.w
      value: 1
      objectReference: {fileID: 0}
    - target: {fileID: 116573927159056161, guid: 16de0d869ea9b324d8d4e8a218c475c0,
        type: 3}
      propertyPath: m_RootOrder
      value: 4
      objectReference: {fileID: 0}
    - target: {fileID: 116573927159056161, guid: 16de0d869ea9b324d8d4e8a218c475c0,
        type: 3}
      propertyPath: m_LocalEulerAnglesHint.x
      value: 0
      objectReference: {fileID: 0}
    - target: {fileID: 116573927159056161, guid: 16de0d869ea9b324d8d4e8a218c475c0,
        type: 3}
      propertyPath: m_LocalEulerAnglesHint.y
      value: 0
      objectReference: {fileID: 0}
    - target: {fileID: 116573927159056161, guid: 16de0d869ea9b324d8d4e8a218c475c0,
        type: 3}
      propertyPath: m_LocalEulerAnglesHint.z
      value: 0
      objectReference: {fileID: 0}
    - target: {fileID: 116573927159359801, guid: 16de0d869ea9b324d8d4e8a218c475c0,
        type: 3}
      propertyPath: m_Name
      value: Skeleton (1)
      objectReference: {fileID: 0}
    m_RemovedComponents: []
  m_SourcePrefab: {fileID: 100100000, guid: 16de0d869ea9b324d8d4e8a218c475c0, type: 3}
--- !u!4 &5493755859217517593 stripped
Transform:
  m_CorrespondingSourceObject: {fileID: 116573927159056161, guid: 16de0d869ea9b324d8d4e8a218c475c0,
    type: 3}
  m_PrefabInstance: {fileID: 5594485065544551224}
  m_PrefabAsset: {fileID: 0}
--- !u!1001 &6185499041516865939
PrefabInstance:
  m_ObjectHideFlags: 0
  serializedVersion: 2
  m_Modification:
    m_TransformParent: {fileID: 629953909326819971}
    m_Modifications:
    - target: {fileID: 2167374181520299885, guid: d65a7fa02052b804487b8d13a106a175,
        type: 3}
      propertyPath: m_LocalPosition.x
      value: 0
      objectReference: {fileID: 0}
    - target: {fileID: 2167374181520299885, guid: d65a7fa02052b804487b8d13a106a175,
        type: 3}
      propertyPath: m_LocalPosition.y
      value: 0
      objectReference: {fileID: 0}
    - target: {fileID: 2167374181520299885, guid: d65a7fa02052b804487b8d13a106a175,
        type: 3}
      propertyPath: m_LocalPosition.z
      value: 0
      objectReference: {fileID: 0}
    - target: {fileID: 2167374181520299885, guid: d65a7fa02052b804487b8d13a106a175,
        type: 3}
      propertyPath: m_LocalRotation.x
      value: 0
      objectReference: {fileID: 0}
    - target: {fileID: 2167374181520299885, guid: d65a7fa02052b804487b8d13a106a175,
        type: 3}
      propertyPath: m_LocalRotation.y
      value: 0
      objectReference: {fileID: 0}
    - target: {fileID: 2167374181520299885, guid: d65a7fa02052b804487b8d13a106a175,
        type: 3}
      propertyPath: m_LocalRotation.z
      value: 0
      objectReference: {fileID: 0}
    - target: {fileID: 2167374181520299885, guid: d65a7fa02052b804487b8d13a106a175,
        type: 3}
      propertyPath: m_LocalRotation.w
      value: 1
      objectReference: {fileID: 0}
    - target: {fileID: 2167374181520299885, guid: d65a7fa02052b804487b8d13a106a175,
        type: 3}
      propertyPath: m_RootOrder
      value: 0
      objectReference: {fileID: 0}
    - target: {fileID: 2167374181520299885, guid: d65a7fa02052b804487b8d13a106a175,
        type: 3}
      propertyPath: m_LocalEulerAnglesHint.x
      value: 0
      objectReference: {fileID: 0}
    - target: {fileID: 2167374181520299885, guid: d65a7fa02052b804487b8d13a106a175,
        type: 3}
      propertyPath: m_LocalEulerAnglesHint.y
      value: 0
      objectReference: {fileID: 0}
    - target: {fileID: 2167374181520299885, guid: d65a7fa02052b804487b8d13a106a175,
        type: 3}
      propertyPath: m_LocalEulerAnglesHint.z
      value: 0
      objectReference: {fileID: 0}
    - target: {fileID: 7851524851770980644, guid: d65a7fa02052b804487b8d13a106a175,
        type: 3}
      propertyPath: m_Name
      value: 16x16NormalRoom
      objectReference: {fileID: 0}
    m_RemovedComponents: []
  m_SourcePrefab: {fileID: 100100000, guid: d65a7fa02052b804487b8d13a106a175, type: 3}
--- !u!4 &5459279528754880254 stripped
Transform:
  m_CorrespondingSourceObject: {fileID: 2167374181520299885, guid: d65a7fa02052b804487b8d13a106a175,
    type: 3}
  m_PrefabInstance: {fileID: 6185499041516865939}
  m_PrefabAsset: {fileID: 0}
--- !u!1001 &6420161093196691925
PrefabInstance:
  m_ObjectHideFlags: 0
  serializedVersion: 2
  m_Modification:
    m_TransformParent: {fileID: 629953909326819971}
    m_Modifications:
    - target: {fileID: 116573927159056161, guid: 16de0d869ea9b324d8d4e8a218c475c0,
        type: 3}
      propertyPath: m_LocalPosition.x
      value: 12
      objectReference: {fileID: 0}
    - target: {fileID: 116573927159056161, guid: 16de0d869ea9b324d8d4e8a218c475c0,
        type: 3}
      propertyPath: m_LocalPosition.y
      value: 0
      objectReference: {fileID: 0}
    - target: {fileID: 116573927159056161, guid: 16de0d869ea9b324d8d4e8a218c475c0,
        type: 3}
      propertyPath: m_LocalPosition.z
      value: 12
      objectReference: {fileID: 0}
    - target: {fileID: 116573927159056161, guid: 16de0d869ea9b324d8d4e8a218c475c0,
        type: 3}
      propertyPath: m_LocalRotation.x
      value: -0
      objectReference: {fileID: 0}
    - target: {fileID: 116573927159056161, guid: 16de0d869ea9b324d8d4e8a218c475c0,
        type: 3}
      propertyPath: m_LocalRotation.y
      value: -0
      objectReference: {fileID: 0}
    - target: {fileID: 116573927159056161, guid: 16de0d869ea9b324d8d4e8a218c475c0,
        type: 3}
      propertyPath: m_LocalRotation.z
      value: -0
      objectReference: {fileID: 0}
    - target: {fileID: 116573927159056161, guid: 16de0d869ea9b324d8d4e8a218c475c0,
        type: 3}
      propertyPath: m_LocalRotation.w
      value: 1
      objectReference: {fileID: 0}
    - target: {fileID: 116573927159056161, guid: 16de0d869ea9b324d8d4e8a218c475c0,
        type: 3}
      propertyPath: m_RootOrder
      value: 3
      objectReference: {fileID: 0}
    - target: {fileID: 116573927159056161, guid: 16de0d869ea9b324d8d4e8a218c475c0,
        type: 3}
      propertyPath: m_LocalEulerAnglesHint.x
      value: 0
      objectReference: {fileID: 0}
    - target: {fileID: 116573927159056161, guid: 16de0d869ea9b324d8d4e8a218c475c0,
        type: 3}
      propertyPath: m_LocalEulerAnglesHint.y
      value: 0
      objectReference: {fileID: 0}
    - target: {fileID: 116573927159056161, guid: 16de0d869ea9b324d8d4e8a218c475c0,
        type: 3}
      propertyPath: m_LocalEulerAnglesHint.z
      value: 0
      objectReference: {fileID: 0}
    - target: {fileID: 116573927159359801, guid: 16de0d869ea9b324d8d4e8a218c475c0,
        type: 3}
      propertyPath: m_Name
      value: Skeleton
      objectReference: {fileID: 0}
    m_RemovedComponents: []
  m_SourcePrefab: {fileID: 100100000, guid: 16de0d869ea9b324d8d4e8a218c475c0, type: 3}
--- !u!4 &6379024661441085172 stripped
Transform:
  m_CorrespondingSourceObject: {fileID: 116573927159056161, guid: 16de0d869ea9b324d8d4e8a218c475c0,
    type: 3}
  m_PrefabInstance: {fileID: 6420161093196691925}
  m_PrefabAsset: {fileID: 0}
--- !u!1001 &6526689110537033689
PrefabInstance:
  m_ObjectHideFlags: 0
  serializedVersion: 2
  m_Modification:
    m_TransformParent: {fileID: 629953909326819971}
    m_Modifications:
    - target: {fileID: 116573927159056161, guid: 16de0d869ea9b324d8d4e8a218c475c0,
        type: 3}
      propertyPath: m_LocalPosition.x
      value: 12
      objectReference: {fileID: 0}
    - target: {fileID: 116573927159056161, guid: 16de0d869ea9b324d8d4e8a218c475c0,
        type: 3}
      propertyPath: m_LocalPosition.y
      value: 0
      objectReference: {fileID: 0}
    - target: {fileID: 116573927159056161, guid: 16de0d869ea9b324d8d4e8a218c475c0,
        type: 3}
      propertyPath: m_LocalPosition.z
      value: 36
      objectReference: {fileID: 0}
    - target: {fileID: 116573927159056161, guid: 16de0d869ea9b324d8d4e8a218c475c0,
        type: 3}
      propertyPath: m_LocalRotation.x
      value: -0
      objectReference: {fileID: 0}
    - target: {fileID: 116573927159056161, guid: 16de0d869ea9b324d8d4e8a218c475c0,
        type: 3}
      propertyPath: m_LocalRotation.y
      value: -0
      objectReference: {fileID: 0}
    - target: {fileID: 116573927159056161, guid: 16de0d869ea9b324d8d4e8a218c475c0,
        type: 3}
      propertyPath: m_LocalRotation.z
      value: -0
      objectReference: {fileID: 0}
    - target: {fileID: 116573927159056161, guid: 16de0d869ea9b324d8d4e8a218c475c0,
        type: 3}
      propertyPath: m_LocalRotation.w
      value: 1
      objectReference: {fileID: 0}
    - target: {fileID: 116573927159056161, guid: 16de0d869ea9b324d8d4e8a218c475c0,
        type: 3}
      propertyPath: m_RootOrder
      value: 11
      objectReference: {fileID: 0}
    - target: {fileID: 116573927159056161, guid: 16de0d869ea9b324d8d4e8a218c475c0,
        type: 3}
      propertyPath: m_LocalEulerAnglesHint.x
      value: 0
      objectReference: {fileID: 0}
    - target: {fileID: 116573927159056161, guid: 16de0d869ea9b324d8d4e8a218c475c0,
        type: 3}
      propertyPath: m_LocalEulerAnglesHint.y
      value: 0
      objectReference: {fileID: 0}
    - target: {fileID: 116573927159056161, guid: 16de0d869ea9b324d8d4e8a218c475c0,
        type: 3}
      propertyPath: m_LocalEulerAnglesHint.z
      value: 0
      objectReference: {fileID: 0}
    - target: {fileID: 116573927159359801, guid: 16de0d869ea9b324d8d4e8a218c475c0,
        type: 3}
      propertyPath: m_Name
      value: Skeleton (8)
      objectReference: {fileID: 0}
    m_RemovedComponents: []
  m_SourcePrefab: {fileID: 100100000, guid: 16de0d869ea9b324d8d4e8a218c475c0, type: 3}
--- !u!4 &6560990894455722232 stripped
Transform:
  m_CorrespondingSourceObject: {fileID: 116573927159056161, guid: 16de0d869ea9b324d8d4e8a218c475c0,
    type: 3}
  m_PrefabInstance: {fileID: 6526689110537033689}
  m_PrefabAsset: {fileID: 0}
--- !u!1001 &6596211838328138062
PrefabInstance:
  m_ObjectHideFlags: 0
  serializedVersion: 2
  m_Modification:
    m_TransformParent: {fileID: 629953909326819971}
    m_Modifications:
    - target: {fileID: 116573927159056161, guid: 16de0d869ea9b324d8d4e8a218c475c0,
        type: 3}
      propertyPath: m_LocalPosition.x
      value: 48
      objectReference: {fileID: 0}
    - target: {fileID: 116573927159056161, guid: 16de0d869ea9b324d8d4e8a218c475c0,
        type: 3}
      propertyPath: m_LocalPosition.y
      value: 0
      objectReference: {fileID: 0}
    - target: {fileID: 116573927159056161, guid: 16de0d869ea9b324d8d4e8a218c475c0,
        type: 3}
      propertyPath: m_LocalPosition.z
      value: 12
      objectReference: {fileID: 0}
    - target: {fileID: 116573927159056161, guid: 16de0d869ea9b324d8d4e8a218c475c0,
        type: 3}
      propertyPath: m_LocalRotation.x
      value: -0
      objectReference: {fileID: 0}
    - target: {fileID: 116573927159056161, guid: 16de0d869ea9b324d8d4e8a218c475c0,
        type: 3}
      propertyPath: m_LocalRotation.y
      value: -0
      objectReference: {fileID: 0}
    - target: {fileID: 116573927159056161, guid: 16de0d869ea9b324d8d4e8a218c475c0,
        type: 3}
      propertyPath: m_LocalRotation.z
      value: -0
      objectReference: {fileID: 0}
    - target: {fileID: 116573927159056161, guid: 16de0d869ea9b324d8d4e8a218c475c0,
        type: 3}
      propertyPath: m_LocalRotation.w
      value: 1
      objectReference: {fileID: 0}
    - target: {fileID: 116573927159056161, guid: 16de0d869ea9b324d8d4e8a218c475c0,
        type: 3}
      propertyPath: m_RootOrder
      value: 6
      objectReference: {fileID: 0}
    - target: {fileID: 116573927159056161, guid: 16de0d869ea9b324d8d4e8a218c475c0,
        type: 3}
      propertyPath: m_LocalEulerAnglesHint.x
      value: 0
      objectReference: {fileID: 0}
    - target: {fileID: 116573927159056161, guid: 16de0d869ea9b324d8d4e8a218c475c0,
        type: 3}
      propertyPath: m_LocalEulerAnglesHint.y
      value: 0
      objectReference: {fileID: 0}
    - target: {fileID: 116573927159056161, guid: 16de0d869ea9b324d8d4e8a218c475c0,
        type: 3}
      propertyPath: m_LocalEulerAnglesHint.z
      value: 0
      objectReference: {fileID: 0}
    - target: {fileID: 116573927159359801, guid: 16de0d869ea9b324d8d4e8a218c475c0,
        type: 3}
      propertyPath: m_Name
      value: Skeleton (3)
      objectReference: {fileID: 0}
    m_RemovedComponents: []
  m_SourcePrefab: {fileID: 100100000, guid: 16de0d869ea9b324d8d4e8a218c475c0, type: 3}
--- !u!4 &6490906324810149487 stripped
Transform:
  m_CorrespondingSourceObject: {fileID: 116573927159056161, guid: 16de0d869ea9b324d8d4e8a218c475c0,
    type: 3}
  m_PrefabInstance: {fileID: 6596211838328138062}
  m_PrefabAsset: {fileID: 0}
--- !u!1001 &7204809069624253627
PrefabInstance:
  m_ObjectHideFlags: 0
  serializedVersion: 2
  m_Modification:
    m_TransformParent: {fileID: 629953909326819971}
    m_Modifications:
    - target: {fileID: 849877284053157212, guid: 64b9d6a6fc4ef1f4085b19511ce2a235,
        type: 3}
      propertyPath: m_LocalPosition.z
      value: -8
      objectReference: {fileID: 0}
    - target: {fileID: 1972812483330865964, guid: 64b9d6a6fc4ef1f4085b19511ce2a235,
        type: 3}
      propertyPath: m_LocalPosition.z
      value: -8
      objectReference: {fileID: 0}
    - target: {fileID: 2211762270070142239, guid: 64b9d6a6fc4ef1f4085b19511ce2a235,
        type: 3}
      propertyPath: degreePerSecond
      value: 24
      objectReference: {fileID: 0}
    - target: {fileID: 2623577610922893804, guid: 64b9d6a6fc4ef1f4085b19511ce2a235,
        type: 3}
      propertyPath: m_LocalPosition.z
      value: -8
      objectReference: {fileID: 0}
    - target: {fileID: 3649407546124576147, guid: 64b9d6a6fc4ef1f4085b19511ce2a235,
        type: 3}
      propertyPath: m_LocalPosition.x
      value: 28
      objectReference: {fileID: 0}
    - target: {fileID: 3649407546124576147, guid: 64b9d6a6fc4ef1f4085b19511ce2a235,
        type: 3}
      propertyPath: m_LocalPosition.y
      value: 1
      objectReference: {fileID: 0}
    - target: {fileID: 3649407546124576147, guid: 64b9d6a6fc4ef1f4085b19511ce2a235,
        type: 3}
      propertyPath: m_LocalPosition.z
      value: 28
      objectReference: {fileID: 0}
    - target: {fileID: 3649407546124576147, guid: 64b9d6a6fc4ef1f4085b19511ce2a235,
        type: 3}
      propertyPath: m_LocalRotation.x
      value: -0
      objectReference: {fileID: 0}
    - target: {fileID: 3649407546124576147, guid: 64b9d6a6fc4ef1f4085b19511ce2a235,
        type: 3}
      propertyPath: m_LocalRotation.y
      value: -0
      objectReference: {fileID: 0}
    - target: {fileID: 3649407546124576147, guid: 64b9d6a6fc4ef1f4085b19511ce2a235,
        type: 3}
      propertyPath: m_LocalRotation.z
      value: -0
      objectReference: {fileID: 0}
    - target: {fileID: 3649407546124576147, guid: 64b9d6a6fc4ef1f4085b19511ce2a235,
        type: 3}
      propertyPath: m_LocalRotation.w
      value: 1
      objectReference: {fileID: 0}
    - target: {fileID: 3649407546124576147, guid: 64b9d6a6fc4ef1f4085b19511ce2a235,
        type: 3}
      propertyPath: m_RootOrder
      value: 2
      objectReference: {fileID: 0}
    - target: {fileID: 3649407546124576147, guid: 64b9d6a6fc4ef1f4085b19511ce2a235,
        type: 3}
      propertyPath: m_LocalEulerAnglesHint.x
      value: 0
      objectReference: {fileID: 0}
    - target: {fileID: 3649407546124576147, guid: 64b9d6a6fc4ef1f4085b19511ce2a235,
        type: 3}
      propertyPath: m_LocalEulerAnglesHint.y
      value: 0
      objectReference: {fileID: 0}
    - target: {fileID: 3649407546124576147, guid: 64b9d6a6fc4ef1f4085b19511ce2a235,
        type: 3}
      propertyPath: m_LocalEulerAnglesHint.z
      value: 0
      objectReference: {fileID: 0}
    - target: {fileID: 4756849159954162018, guid: 64b9d6a6fc4ef1f4085b19511ce2a235,
        type: 3}
      propertyPath: m_Name
      value: LongFlamethrowerGroup
      objectReference: {fileID: 0}
    - target: {fileID: 6938081893363020671, guid: 64b9d6a6fc4ef1f4085b19511ce2a235,
        type: 3}
      propertyPath: m_LocalPosition.z
      value: -8
      objectReference: {fileID: 0}
    m_RemovedComponents: []
  m_SourcePrefab: {fileID: 100100000, guid: 64b9d6a6fc4ef1f4085b19511ce2a235, type: 3}
--- !u!4 &5861948932381604136 stripped
Transform:
  m_CorrespondingSourceObject: {fileID: 3649407546124576147, guid: 64b9d6a6fc4ef1f4085b19511ce2a235,
    type: 3}
  m_PrefabInstance: {fileID: 7204809069624253627}
  m_PrefabAsset: {fileID: 0}
--- !u!1001 &8928924590800082030
PrefabInstance:
  m_ObjectHideFlags: 0
  serializedVersion: 2
  m_Modification:
    m_TransformParent: {fileID: 629953909326819971}
    m_Modifications:
    - target: {fileID: 116573927159056161, guid: 16de0d869ea9b324d8d4e8a218c475c0,
        type: 3}
      propertyPath: m_LocalPosition.x
      value: 36
      objectReference: {fileID: 0}
    - target: {fileID: 116573927159056161, guid: 16de0d869ea9b324d8d4e8a218c475c0,
        type: 3}
      propertyPath: m_LocalPosition.y
      value: 0
      objectReference: {fileID: 0}
    - target: {fileID: 116573927159056161, guid: 16de0d869ea9b324d8d4e8a218c475c0,
        type: 3}
      propertyPath: m_LocalPosition.z
      value: 12
      objectReference: {fileID: 0}
    - target: {fileID: 116573927159056161, guid: 16de0d869ea9b324d8d4e8a218c475c0,
        type: 3}
      propertyPath: m_LocalRotation.x
      value: -0
      objectReference: {fileID: 0}
    - target: {fileID: 116573927159056161, guid: 16de0d869ea9b324d8d4e8a218c475c0,
        type: 3}
      propertyPath: m_LocalRotation.y
      value: -0
      objectReference: {fileID: 0}
    - target: {fileID: 116573927159056161, guid: 16de0d869ea9b324d8d4e8a218c475c0,
        type: 3}
      propertyPath: m_LocalRotation.z
      value: -0
      objectReference: {fileID: 0}
    - target: {fileID: 116573927159056161, guid: 16de0d869ea9b324d8d4e8a218c475c0,
        type: 3}
      propertyPath: m_LocalRotation.w
      value: 1
      objectReference: {fileID: 0}
    - target: {fileID: 116573927159056161, guid: 16de0d869ea9b324d8d4e8a218c475c0,
        type: 3}
      propertyPath: m_RootOrder
      value: 5
      objectReference: {fileID: 0}
    - target: {fileID: 116573927159056161, guid: 16de0d869ea9b324d8d4e8a218c475c0,
        type: 3}
      propertyPath: m_LocalEulerAnglesHint.x
      value: 0
      objectReference: {fileID: 0}
    - target: {fileID: 116573927159056161, guid: 16de0d869ea9b324d8d4e8a218c475c0,
        type: 3}
      propertyPath: m_LocalEulerAnglesHint.y
      value: 0
      objectReference: {fileID: 0}
    - target: {fileID: 116573927159056161, guid: 16de0d869ea9b324d8d4e8a218c475c0,
        type: 3}
      propertyPath: m_LocalEulerAnglesHint.z
      value: 0
      objectReference: {fileID: 0}
    - target: {fileID: 116573927159359801, guid: 16de0d869ea9b324d8d4e8a218c475c0,
        type: 3}
      propertyPath: m_Name
      value: Skeleton (2)
      objectReference: {fileID: 0}
    m_RemovedComponents: []
  m_SourcePrefab: {fileID: 100100000, guid: 16de0d869ea9b324d8d4e8a218c475c0, type: 3}
--- !u!4 &8824749344159748943 stripped
Transform:
  m_CorrespondingSourceObject: {fileID: 116573927159056161, guid: 16de0d869ea9b324d8d4e8a218c475c0,
    type: 3}
  m_PrefabInstance: {fileID: 8928924590800082030}
  m_PrefabAsset: {fileID: 0}
--- !u!1001 &8983170618738767046
PrefabInstance:
  m_ObjectHideFlags: 0
  serializedVersion: 2
  m_Modification:
    m_TransformParent: {fileID: 629953909326819971}
    m_Modifications:
    - target: {fileID: 116573927159056161, guid: 16de0d869ea9b324d8d4e8a218c475c0,
        type: 3}
      propertyPath: m_LocalPosition.x
      value: 48
      objectReference: {fileID: 0}
    - target: {fileID: 116573927159056161, guid: 16de0d869ea9b324d8d4e8a218c475c0,
        type: 3}
      propertyPath: m_LocalPosition.y
      value: 0
      objectReference: {fileID: 0}
    - target: {fileID: 116573927159056161, guid: 16de0d869ea9b324d8d4e8a218c475c0,
        type: 3}
      propertyPath: m_LocalPosition.z
      value: 36
      objectReference: {fileID: 0}
    - target: {fileID: 116573927159056161, guid: 16de0d869ea9b324d8d4e8a218c475c0,
        type: 3}
      propertyPath: m_LocalRotation.x
      value: -0
      objectReference: {fileID: 0}
    - target: {fileID: 116573927159056161, guid: 16de0d869ea9b324d8d4e8a218c475c0,
        type: 3}
      propertyPath: m_LocalRotation.y
      value: -0
      objectReference: {fileID: 0}
    - target: {fileID: 116573927159056161, guid: 16de0d869ea9b324d8d4e8a218c475c0,
        type: 3}
      propertyPath: m_LocalRotation.z
      value: -0
      objectReference: {fileID: 0}
    - target: {fileID: 116573927159056161, guid: 16de0d869ea9b324d8d4e8a218c475c0,
        type: 3}
      propertyPath: m_LocalRotation.w
      value: 1
      objectReference: {fileID: 0}
    - target: {fileID: 116573927159056161, guid: 16de0d869ea9b324d8d4e8a218c475c0,
        type: 3}
      propertyPath: m_RootOrder
      value: 13
      objectReference: {fileID: 0}
    - target: {fileID: 116573927159056161, guid: 16de0d869ea9b324d8d4e8a218c475c0,
        type: 3}
      propertyPath: m_LocalEulerAnglesHint.x
      value: 0
      objectReference: {fileID: 0}
    - target: {fileID: 116573927159056161, guid: 16de0d869ea9b324d8d4e8a218c475c0,
        type: 3}
      propertyPath: m_LocalEulerAnglesHint.y
      value: 0
      objectReference: {fileID: 0}
    - target: {fileID: 116573927159056161, guid: 16de0d869ea9b324d8d4e8a218c475c0,
        type: 3}
      propertyPath: m_LocalEulerAnglesHint.z
      value: 0
      objectReference: {fileID: 0}
    - target: {fileID: 116573927159359801, guid: 16de0d869ea9b324d8d4e8a218c475c0,
        type: 3}
      propertyPath: m_Name
      value: Skeleton (10)
      objectReference: {fileID: 0}
    m_RemovedComponents: []
  m_SourcePrefab: {fileID: 100100000, guid: 16de0d869ea9b324d8d4e8a218c475c0, type: 3}
--- !u!4 &9021982511919870951 stripped
Transform:
  m_CorrespondingSourceObject: {fileID: 116573927159056161, guid: 16de0d869ea9b324d8d4e8a218c475c0,
    type: 3}
  m_PrefabInstance: {fileID: 8983170618738767046}
  m_PrefabAsset: {fileID: 0}
