%YAML 1.1
%TAG !u! tag:unity3d.com,2011:
--- !u!1 &100663762258938367
GameObject:
  m_ObjectHideFlags: 0
  m_CorrespondingSourceObject: {fileID: 0}
  m_PrefabInstance: {fileID: 0}
  m_PrefabAsset: {fileID: 0}
  serializedVersion: 6
  m_Component:
  - component: {fileID: 8463178802126039658}
  - component: {fileID: 8617141772867501813}
  - component: {fileID: 102591121850865065}
  m_Layer: 5
  m_Name: TMP SubMeshUI [Maplestory Light SDF Material + LiberationSans SDF Atlas]
  m_TagString: Untagged
  m_Icon: {fileID: 0}
  m_NavMeshLayer: 0
  m_StaticEditorFlags: 0
  m_IsActive: 1
--- !u!224 &8463178802126039658
RectTransform:
  m_ObjectHideFlags: 0
  m_CorrespondingSourceObject: {fileID: 0}
  m_PrefabInstance: {fileID: 0}
  m_PrefabAsset: {fileID: 0}
  m_GameObject: {fileID: 100663762258938367}
  m_LocalRotation: {x: 0, y: 0, z: 0, w: 1}
  m_LocalPosition: {x: 0, y: 0, z: 0}
  m_LocalScale: {x: 1, y: 1, z: 1}
  m_Children: []
  m_Father: {fileID: 7339635459014235943}
  m_RootOrder: 0
  m_LocalEulerAnglesHint: {x: 0, y: 0, z: 0}
  m_AnchorMin: {x: 0, y: 0}
  m_AnchorMax: {x: 1, y: 1}
  m_AnchoredPosition: {x: 0, y: 0}
  m_SizeDelta: {x: 0, y: 0}
  m_Pivot: {x: 0.5, y: 0.5}
--- !u!222 &8617141772867501813
CanvasRenderer:
  m_ObjectHideFlags: 0
  m_CorrespondingSourceObject: {fileID: 0}
  m_PrefabInstance: {fileID: 0}
  m_PrefabAsset: {fileID: 0}
  m_GameObject: {fileID: 100663762258938367}
  m_CullTransparentMesh: 0
--- !u!114 &102591121850865065
MonoBehaviour:
  m_ObjectHideFlags: 0
  m_CorrespondingSourceObject: {fileID: 0}
  m_PrefabInstance: {fileID: 0}
  m_PrefabAsset: {fileID: 0}
  m_GameObject: {fileID: 100663762258938367}
  m_Enabled: 1
  m_EditorHideFlags: 0
  m_Script: {fileID: 11500000, guid: 058cba836c1846c3aa1c5fd2e28aea77, type: 3}
  m_Name: 
  m_EditorClassIdentifier: 
  m_Material: {fileID: 0}
  m_Color: {r: 1, g: 1, b: 1, a: 1}
  m_RaycastTarget: 1
  m_Maskable: 1
  m_OnCullStateChanged:
    m_PersistentCalls:
      m_Calls: []
  m_fontAsset: {fileID: 11400000, guid: 8f586378b4e144a9851e7b34d9b748ee, type: 2}
  m_spriteAsset: {fileID: 0}
  m_material: {fileID: 0}
  m_sharedMaterial: {fileID: 0}
  m_isDefaultMaterial: 0
  m_padding: 1.25
  m_canvasRenderer: {fileID: 8617141772867501813}
  m_TextComponent: {fileID: 7339635459014235936}
  m_materialReferenceIndex: 1
--- !u!1 &3218925633641096602
GameObject:
  m_ObjectHideFlags: 0
  m_CorrespondingSourceObject: {fileID: 0}
  m_PrefabInstance: {fileID: 0}
  m_PrefabAsset: {fileID: 0}
  serializedVersion: 6
  m_Component:
  - component: {fileID: 6965323019012892431}
  - component: {fileID: 3862709211928380876}
  - component: {fileID: 2448492112567788725}
  - component: {fileID: 7045946634647188082}
  m_Layer: 5
  m_Name: Button (3)
  m_TagString: Untagged
  m_Icon: {fileID: 0}
  m_NavMeshLayer: 0
  m_StaticEditorFlags: 0
  m_IsActive: 1
--- !u!224 &6965323019012892431
RectTransform:
  m_ObjectHideFlags: 0
  m_CorrespondingSourceObject: {fileID: 0}
  m_PrefabInstance: {fileID: 0}
  m_PrefabAsset: {fileID: 0}
  m_GameObject: {fileID: 3218925633641096602}
  m_LocalRotation: {x: -0, y: -0, z: -0, w: 1}
  m_LocalPosition: {x: 0, y: 0, z: 0}
  m_LocalScale: {x: 2, y: 2, z: 1}
  m_Children:
  - {fileID: 6063295817146862911}
  m_Father: {fileID: 7339635460134480041}
  m_RootOrder: 3
  m_LocalEulerAnglesHint: {x: 0, y: 0, z: 0}
  m_AnchorMin: {x: 0.5, y: 0.5}
  m_AnchorMax: {x: 0.5, y: 0.5}
  m_AnchoredPosition: {x: 400, y: -105}
  m_SizeDelta: {x: 160, y: 30}
  m_Pivot: {x: 0.5, y: 0.5}
--- !u!222 &3862709211928380876
CanvasRenderer:
  m_ObjectHideFlags: 0
  m_CorrespondingSourceObject: {fileID: 0}
  m_PrefabInstance: {fileID: 0}
  m_PrefabAsset: {fileID: 0}
  m_GameObject: {fileID: 3218925633641096602}
  m_CullTransparentMesh: 0
--- !u!114 &2448492112567788725
MonoBehaviour:
  m_ObjectHideFlags: 0
  m_CorrespondingSourceObject: {fileID: 0}
  m_PrefabInstance: {fileID: 0}
  m_PrefabAsset: {fileID: 0}
  m_GameObject: {fileID: 3218925633641096602}
  m_Enabled: 1
  m_EditorHideFlags: 0
  m_Script: {fileID: 11500000, guid: fe87c0e1cc204ed48ad3b37840f39efc, type: 3}
  m_Name: 
  m_EditorClassIdentifier: 
  m_Material: {fileID: 0}
  m_Color: {r: 1, g: 1, b: 1, a: 1}
  m_RaycastTarget: 1
  m_Maskable: 1
  m_OnCullStateChanged:
    m_PersistentCalls:
      m_Calls: []
  m_Sprite: {fileID: 10905, guid: 0000000000000000f000000000000000, type: 0}
  m_Type: 1
  m_PreserveAspect: 0
  m_FillCenter: 1
  m_FillMethod: 4
  m_FillAmount: 1
  m_FillClockwise: 1
  m_FillOrigin: 0
  m_UseSpriteMesh: 0
  m_PixelsPerUnitMultiplier: 1
--- !u!114 &7045946634647188082
MonoBehaviour:
  m_ObjectHideFlags: 0
  m_CorrespondingSourceObject: {fileID: 0}
  m_PrefabInstance: {fileID: 0}
  m_PrefabAsset: {fileID: 0}
  m_GameObject: {fileID: 3218925633641096602}
  m_Enabled: 1
  m_EditorHideFlags: 0
  m_Script: {fileID: 11500000, guid: 4e29b1a8efbd4b44bb3f3716e73f07ff, type: 3}
  m_Name: 
  m_EditorClassIdentifier: 
  m_Navigation:
    m_Mode: 3
    m_SelectOnUp: {fileID: 0}
    m_SelectOnDown: {fileID: 0}
    m_SelectOnLeft: {fileID: 0}
    m_SelectOnRight: {fileID: 0}
  m_Transition: 1
  m_Colors:
    m_NormalColor: {r: 1, g: 1, b: 1, a: 1}
    m_HighlightedColor: {r: 0.9607843, g: 0.9607843, b: 0.9607843, a: 1}
    m_PressedColor: {r: 0.78431374, g: 0.78431374, b: 0.78431374, a: 1}
    m_SelectedColor: {r: 0.9607843, g: 0.9607843, b: 0.9607843, a: 1}
    m_DisabledColor: {r: 0.78431374, g: 0.78431374, b: 0.78431374, a: 0.5019608}
    m_ColorMultiplier: 1
    m_FadeDuration: 0.1
  m_SpriteState:
    m_HighlightedSprite: {fileID: 0}
    m_PressedSprite: {fileID: 0}
    m_SelectedSprite: {fileID: 0}
    m_DisabledSprite: {fileID: 0}
  m_AnimationTriggers:
    m_NormalTrigger: Normal
    m_HighlightedTrigger: Highlighted
    m_PressedTrigger: Pressed
    m_SelectedTrigger: Highlighted
    m_DisabledTrigger: Disabled
  m_Interactable: 1
  m_TargetGraphic: {fileID: 2448492112567788725}
  m_OnClick:
    m_PersistentCalls:
      m_Calls: []
--- !u!1 &3936186364633675462
GameObject:
  m_ObjectHideFlags: 0
  m_CorrespondingSourceObject: {fileID: 0}
  m_PrefabInstance: {fileID: 0}
  m_PrefabAsset: {fileID: 0}
  serializedVersion: 6
  m_Component:
  - component: {fileID: 1419936251768360536}
  m_Layer: 0
  m_Name: Wall
  m_TagString: Untagged
  m_Icon: {fileID: 0}
  m_NavMeshLayer: 0
  m_StaticEditorFlags: 0
  m_IsActive: 1
--- !u!4 &1419936251768360536
Transform:
  m_ObjectHideFlags: 0
  m_CorrespondingSourceObject: {fileID: 0}
  m_PrefabInstance: {fileID: 0}
  m_PrefabAsset: {fileID: 0}
  m_GameObject: {fileID: 3936186364633675462}
  m_LocalRotation: {x: -0, y: -0, z: -0, w: 1}
  m_LocalPosition: {x: 0, y: 0, z: 0}
  m_LocalScale: {x: 1, y: 1, z: 1}
  m_Children:
  - {fileID: 3278452578108843187}
  - {fileID: 7142697050398629336}
  - {fileID: 555265927232296590}
  - {fileID: 1473028084727991340}
  m_Father: {fileID: 7199075731705044808}
  m_RootOrder: 1
  m_LocalEulerAnglesHint: {x: 0, y: 0, z: 0}
--- !u!1 &4392248770618662724
GameObject:
  m_ObjectHideFlags: 0
  m_CorrespondingSourceObject: {fileID: 0}
  m_PrefabInstance: {fileID: 0}
  m_PrefabAsset: {fileID: 0}
  serializedVersion: 6
  m_Component:
  - component: {fileID: 3245985698868608304}
  - component: {fileID: 1176540851306230234}
  - component: {fileID: 8998415793468477420}
  m_Layer: 5
  m_Name: TMP SubMeshUI [Maplestory Light SDF Material + LiberationSans SDF Atlas]
  m_TagString: Untagged
  m_Icon: {fileID: 0}
  m_NavMeshLayer: 0
  m_StaticEditorFlags: 0
  m_IsActive: 1
--- !u!224 &3245985698868608304
RectTransform:
  m_ObjectHideFlags: 0
  m_CorrespondingSourceObject: {fileID: 0}
  m_PrefabInstance: {fileID: 0}
  m_PrefabAsset: {fileID: 0}
  m_GameObject: {fileID: 4392248770618662724}
  m_LocalRotation: {x: 0, y: 0, z: 0, w: 1}
  m_LocalPosition: {x: 0, y: 0, z: 0}
  m_LocalScale: {x: 1, y: 1, z: 1}
  m_Children: []
  m_Father: {fileID: 7339635459304962111}
  m_RootOrder: 0
  m_LocalEulerAnglesHint: {x: 0, y: 0, z: 0}
  m_AnchorMin: {x: 0, y: 0}
  m_AnchorMax: {x: 1, y: 1}
  m_AnchoredPosition: {x: 0, y: 0}
  m_SizeDelta: {x: 0, y: 0}
  m_Pivot: {x: 0.5, y: 0.5}
--- !u!222 &1176540851306230234
CanvasRenderer:
  m_ObjectHideFlags: 0
  m_CorrespondingSourceObject: {fileID: 0}
  m_PrefabInstance: {fileID: 0}
  m_PrefabAsset: {fileID: 0}
  m_GameObject: {fileID: 4392248770618662724}
  m_CullTransparentMesh: 0
--- !u!114 &8998415793468477420
MonoBehaviour:
  m_ObjectHideFlags: 0
  m_CorrespondingSourceObject: {fileID: 0}
  m_PrefabInstance: {fileID: 0}
  m_PrefabAsset: {fileID: 0}
  m_GameObject: {fileID: 4392248770618662724}
  m_Enabled: 1
  m_EditorHideFlags: 0
  m_Script: {fileID: 11500000, guid: 058cba836c1846c3aa1c5fd2e28aea77, type: 3}
  m_Name: 
  m_EditorClassIdentifier: 
  m_Material: {fileID: 0}
  m_Color: {r: 1, g: 1, b: 1, a: 1}
  m_RaycastTarget: 1
  m_Maskable: 1
  m_OnCullStateChanged:
    m_PersistentCalls:
      m_Calls: []
  m_fontAsset: {fileID: 11400000, guid: 8f586378b4e144a9851e7b34d9b748ee, type: 2}
  m_spriteAsset: {fileID: 0}
  m_material: {fileID: 0}
  m_sharedMaterial: {fileID: 0}
  m_isDefaultMaterial: 0
  m_padding: 1.25
  m_canvasRenderer: {fileID: 1176540851306230234}
  m_TextComponent: {fileID: 7339635459304962104}
  m_materialReferenceIndex: 1
--- !u!1 &6843590242067228236
GameObject:
  m_ObjectHideFlags: 0
  m_CorrespondingSourceObject: {fileID: 0}
  m_PrefabInstance: {fileID: 0}
  m_PrefabAsset: {fileID: 0}
  serializedVersion: 6
  m_Component:
  - component: {fileID: 5468793800288413637}
  m_Layer: 0
  m_Name: Tile
  m_TagString: Untagged
  m_Icon: {fileID: 0}
  m_NavMeshLayer: 0
  m_StaticEditorFlags: 0
  m_IsActive: 1
--- !u!4 &5468793800288413637
Transform:
  m_ObjectHideFlags: 0
  m_CorrespondingSourceObject: {fileID: 0}
  m_PrefabInstance: {fileID: 0}
  m_PrefabAsset: {fileID: 0}
  m_GameObject: {fileID: 6843590242067228236}
  m_LocalRotation: {x: -0, y: -0, z: -0, w: 1}
  m_LocalPosition: {x: 0, y: 0, z: 0}
  m_LocalScale: {x: 1, y: 1, z: 1}
  m_Children:
  - {fileID: 2306873184152900084}
  m_Father: {fileID: 7199075731705044808}
  m_RootOrder: 0
  m_LocalEulerAnglesHint: {x: 0, y: 0, z: 0}
--- !u!1 &7163450814061156497
GameObject:
  m_ObjectHideFlags: 0
  m_CorrespondingSourceObject: {fileID: 0}
  m_PrefabInstance: {fileID: 0}
  m_PrefabAsset: {fileID: 0}
  serializedVersion: 6
  m_Component:
  - component: {fileID: 5024886998486936968}
  - component: {fileID: 831420344975654934}
  - component: {fileID: 797125080107417421}
  m_Layer: 5
  m_Name: TMP SubMeshUI [Maplestory Light SDF Material + LiberationSans SDF Atlas]
  m_TagString: Untagged
  m_Icon: {fileID: 0}
  m_NavMeshLayer: 0
  m_StaticEditorFlags: 0
  m_IsActive: 1
--- !u!224 &5024886998486936968
RectTransform:
  m_ObjectHideFlags: 0
  m_CorrespondingSourceObject: {fileID: 0}
  m_PrefabInstance: {fileID: 0}
  m_PrefabAsset: {fileID: 0}
  m_GameObject: {fileID: 7163450814061156497}
  m_LocalRotation: {x: 0, y: 0, z: 0, w: 1}
  m_LocalPosition: {x: 0, y: 0, z: 0}
  m_LocalScale: {x: 1, y: 1, z: 1}
  m_Children: []
  m_Father: {fileID: 7339635459396655600}
  m_RootOrder: 0
  m_LocalEulerAnglesHint: {x: 0, y: 0, z: 0}
  m_AnchorMin: {x: 0, y: 0}
  m_AnchorMax: {x: 1, y: 1}
  m_AnchoredPosition: {x: 0, y: 0}
  m_SizeDelta: {x: 0, y: 0}
  m_Pivot: {x: 0.5, y: 0.5}
--- !u!222 &831420344975654934
CanvasRenderer:
  m_ObjectHideFlags: 0
  m_CorrespondingSourceObject: {fileID: 0}
  m_PrefabInstance: {fileID: 0}
  m_PrefabAsset: {fileID: 0}
  m_GameObject: {fileID: 7163450814061156497}
  m_CullTransparentMesh: 0
--- !u!114 &797125080107417421
MonoBehaviour:
  m_ObjectHideFlags: 0
  m_CorrespondingSourceObject: {fileID: 0}
  m_PrefabInstance: {fileID: 0}
  m_PrefabAsset: {fileID: 0}
  m_GameObject: {fileID: 7163450814061156497}
  m_Enabled: 1
  m_EditorHideFlags: 0
  m_Script: {fileID: 11500000, guid: 058cba836c1846c3aa1c5fd2e28aea77, type: 3}
  m_Name: 
  m_EditorClassIdentifier: 
  m_Material: {fileID: 0}
  m_Color: {r: 1, g: 1, b: 1, a: 1}
  m_RaycastTarget: 1
  m_Maskable: 1
  m_OnCullStateChanged:
    m_PersistentCalls:
      m_Calls: []
  m_fontAsset: {fileID: 11400000, guid: 8f586378b4e144a9851e7b34d9b748ee, type: 2}
  m_spriteAsset: {fileID: 0}
  m_material: {fileID: 0}
  m_sharedMaterial: {fileID: 0}
  m_isDefaultMaterial: 0
  m_padding: 1.25
  m_canvasRenderer: {fileID: 831420344975654934}
  m_TextComponent: {fileID: 7339635459396655601}
  m_materialReferenceIndex: 1
--- !u!114 &1778110518098732402
MonoBehaviour:
  m_ObjectHideFlags: 0
  m_CorrespondingSourceObject: {fileID: 0}
  m_PrefabInstance: {fileID: 0}
  m_PrefabAsset: {fileID: 0}
  m_GameObject: {fileID: 7339635460134480040}
  m_Enabled: 1
  m_EditorHideFlags: 0
  m_Script: {fileID: 11500000, guid: 99362fbdcae0f214f878d5081748e699, type: 3}
  m_Name: 
  m_EditorClassIdentifier: 
--- !u!1 &8023309943825503216
GameObject:
  m_ObjectHideFlags: 0
  m_CorrespondingSourceObject: {fileID: 0}
  m_PrefabInstance: {fileID: 0}
  m_PrefabAsset: {fileID: 0}
  serializedVersion: 6
  m_Component:
  - component: {fileID: 6063295817146862911}
  - component: {fileID: 7996835946968769104}
  - component: {fileID: 5171983952863864498}
  m_Layer: 5
  m_Name: Text (TMP)
  m_TagString: Untagged
  m_Icon: {fileID: 0}
  m_NavMeshLayer: 0
  m_StaticEditorFlags: 0
  m_IsActive: 1
--- !u!224 &6063295817146862911
RectTransform:
  m_ObjectHideFlags: 0
  m_CorrespondingSourceObject: {fileID: 0}
  m_PrefabInstance: {fileID: 0}
  m_PrefabAsset: {fileID: 0}
  m_GameObject: {fileID: 8023309943825503216}
  m_LocalRotation: {x: 0, y: 0, z: 0, w: 1}
  m_LocalPosition: {x: 0, y: 0, z: 0}
  m_LocalScale: {x: 1, y: 1, z: 1}
  m_Children: []
  m_Father: {fileID: 6965323019012892431}
  m_RootOrder: 0
  m_LocalEulerAnglesHint: {x: 0, y: 0, z: 0}
  m_AnchorMin: {x: 0, y: 0}
  m_AnchorMax: {x: 1, y: 1}
  m_AnchoredPosition: {x: 0, y: 0}
  m_SizeDelta: {x: 0, y: 0}
  m_Pivot: {x: 0.5, y: 0.5}
--- !u!222 &7996835946968769104
CanvasRenderer:
  m_ObjectHideFlags: 0
  m_CorrespondingSourceObject: {fileID: 0}
  m_PrefabInstance: {fileID: 0}
  m_PrefabAsset: {fileID: 0}
  m_GameObject: {fileID: 8023309943825503216}
  m_CullTransparentMesh: 0
--- !u!114 &5171983952863864498
MonoBehaviour:
  m_ObjectHideFlags: 0
  m_CorrespondingSourceObject: {fileID: 0}
  m_PrefabInstance: {fileID: 0}
  m_PrefabAsset: {fileID: 0}
  m_GameObject: {fileID: 8023309943825503216}
  m_Enabled: 1
  m_EditorHideFlags: 0
  m_Script: {fileID: 11500000, guid: f4688fdb7df04437aeb418b961361dc5, type: 3}
  m_Name: 
  m_EditorClassIdentifier: 
  m_Material: {fileID: 0}
  m_Color: {r: 1, g: 1, b: 1, a: 1}
  m_RaycastTarget: 1
  m_Maskable: 1
  m_OnCullStateChanged:
    m_PersistentCalls:
      m_Calls: []
  m_text: "\uCDE8\uC18C"
  m_isRightToLeft: 0
  m_fontAsset: {fileID: 11400000, guid: 7d3eaad6ebeb9bd4a80f0f4102f7f635, type: 2}
  m_sharedMaterial: {fileID: 21122916660003148, guid: 7d3eaad6ebeb9bd4a80f0f4102f7f635,
    type: 2}
  m_fontSharedMaterials: []
  m_fontMaterial: {fileID: 0}
  m_fontMaterials: []
  m_fontColor32:
    serializedVersion: 2
    rgba: 4281479730
  m_fontColor: {r: 0.19607843, g: 0.19607843, b: 0.19607843, a: 1}
  m_enableVertexGradient: 0
  m_colorMode: 3
  m_fontColorGradient:
    topLeft: {r: 1, g: 1, b: 1, a: 1}
    topRight: {r: 1, g: 1, b: 1, a: 1}
    bottomLeft: {r: 1, g: 1, b: 1, a: 1}
    bottomRight: {r: 1, g: 1, b: 1, a: 1}
  m_fontColorGradientPreset: {fileID: 0}
  m_spriteAsset: {fileID: 0}
  m_tintAllSprites: 0
  m_overrideHtmlColors: 0
  m_faceColor:
    serializedVersion: 2
    rgba: 4294967295
  m_outlineColor:
    serializedVersion: 2
    rgba: 4278190080
  m_fontSize: 12
  m_fontSizeBase: 12
  m_fontWeight: 400
  m_enableAutoSizing: 0
  m_fontSizeMin: 18
  m_fontSizeMax: 72
  m_fontStyle: 0
  m_textAlignment: 65535
  m_characterSpacing: 0
  m_wordSpacing: 0
  m_lineSpacing: 0
  m_lineSpacingMax: 0
  m_paragraphSpacing: 0
  m_charWidthMaxAdj: 0
  m_enableWordWrapping: 1
  m_wordWrappingRatios: 0.4
  m_overflowMode: 0
  m_firstOverflowCharacterIndex: -1
  m_linkedTextComponent: {fileID: 0}
  m_isLinkedTextComponent: 0
  m_isTextTruncated: 0
  m_enableKerning: 1
  m_enableExtraPadding: 0
  checkPaddingRequired: 0
  m_isRichText: 1
  m_parseCtrlCharacters: 1
  m_isOrthographic: 1
  m_isCullingEnabled: 0
  m_ignoreRectMaskCulling: 0
  m_ignoreCulling: 1
  m_horizontalMapping: 0
  m_verticalMapping: 0
  m_uvLineOffset: 0
  m_geometrySortingOrder: 0
  m_VertexBufferAutoSizeReduction: 1
  m_firstVisibleCharacter: 0
  m_useMaxVisibleDescender: 1
  m_pageToDisplay: 1
  m_margin: {x: 0, y: 0, z: 0, w: 0}
  m_textInfo:
    textComponent: {fileID: 5171983952863864498}
    characterCount: 2
    spriteCount: 0
    spaceCount: 0
    wordCount: 1
    linkCount: 0
    lineCount: 1
    pageCount: 1
    materialCount: 1
  m_isUsingLegacyAnimationComponent: 0
  m_isVolumetricText: 0
  m_spriteAnimator: {fileID: 0}
  m_hasFontAssetChanged: 0
  m_subTextObjects:
  - {fileID: 0}
  - {fileID: 0}
  - {fileID: 0}
  - {fileID: 0}
  - {fileID: 0}
  - {fileID: 0}
  - {fileID: 0}
  - {fileID: 0}
  m_baseMaterial: {fileID: 0}
  m_maskOffset: {x: 0, y: 0, z: 0, w: 0}
--- !u!1 &9039359389981306563
GameObject:
  m_ObjectHideFlags: 0
  m_CorrespondingSourceObject: {fileID: 0}
  m_PrefabInstance: {fileID: 0}
  m_PrefabAsset: {fileID: 0}
  serializedVersion: 6
  m_Component:
  - component: {fileID: 7199075731705044808}
  - component: {fileID: 6712988543415808061}
  - component: {fileID: 3499976563350630849}
  m_Layer: 0
  m_Name: EliteRoom0
  m_TagString: Untagged
  m_Icon: {fileID: 0}
  m_NavMeshLayer: 0
  m_StaticEditorFlags: 0
  m_IsActive: 1
--- !u!4 &7199075731705044808
Transform:
  m_ObjectHideFlags: 0
  m_CorrespondingSourceObject: {fileID: 0}
  m_PrefabInstance: {fileID: 0}
  m_PrefabAsset: {fileID: 0}
  m_GameObject: {fileID: 9039359389981306563}
  m_LocalRotation: {x: 0, y: 0, z: 0, w: 1}
  m_LocalPosition: {x: 0, y: 0, z: 0}
  m_LocalScale: {x: 1, y: 1, z: 1}
  m_Children:
  - {fileID: 5468793800288413637}
  - {fileID: 1419936251768360536}
  - {fileID: 580265454076555684}
  - {fileID: 2399291544403260498}
  - {fileID: 7339635460134480041}
  - {fileID: 9164923748979401774}
  m_Father: {fileID: 0}
  m_RootOrder: 0
  m_LocalEulerAnglesHint: {x: 0, y: 0, z: 0}
--- !u!114 &6712988543415808061
MonoBehaviour:
  m_ObjectHideFlags: 0
  m_CorrespondingSourceObject: {fileID: 0}
  m_PrefabInstance: {fileID: 0}
  m_PrefabAsset: {fileID: 0}
  m_GameObject: {fileID: 9039359389981306563}
  m_Enabled: 1
  m_EditorHideFlags: 0
  m_Script: {fileID: 11500000, guid: 7a5ac11cc976e418e8d13136b07e1f52, type: 3}
  m_Name: 
  m_EditorClassIdentifier: 
  m_AgentTypeID: 0
  m_CollectObjects: 0
  m_Size: {x: 10, y: 10, z: 10}
  m_Center: {x: 0, y: 2, z: 0}
  m_LayerMask:
    serializedVersion: 2
    m_Bits: 4294967295
  m_UseGeometry: 0
  m_DefaultArea: 0
  m_IgnoreNavMeshAgent: 1
  m_IgnoreNavMeshObstacle: 1
  m_OverrideTileSize: 0
  m_TileSize: 256
  m_OverrideVoxelSize: 0
  m_VoxelSize: 0.16666667
  m_BuildHeightMesh: 0
  m_NavMeshData: {fileID: 23800000, guid: 278c4debbfb20024e9c35d2484164cf7, type: 2}
--- !u!114 &3499976563350630849
MonoBehaviour:
  m_ObjectHideFlags: 0
  m_CorrespondingSourceObject: {fileID: 0}
  m_PrefabInstance: {fileID: 0}
  m_PrefabAsset: {fileID: 0}
  m_GameObject: {fileID: 9039359389981306563}
  m_Enabled: 1
  m_EditorHideFlags: 0
  m_Script: {fileID: 11500000, guid: aa18558f7c9e8c44d969687673c10462, type: 3}
  m_Name: 
  m_EditorClassIdentifier: 
  targetMonster: {fileID: 9168268365024730572}
--- !u!1001 &450290806450355346
PrefabInstance:
  m_ObjectHideFlags: 0
  serializedVersion: 2
  m_Modification:
    m_TransformParent: {fileID: 7199075731705044808}
    m_Modifications:
    - target: {fileID: 7197982051307342965, guid: 33f15b68cba849d43bc59adc0c2e3986,
        type: 3}
      propertyPath: m_AnchoredPosition.y
      value: -35
      objectReference: {fileID: 0}
    - target: {fileID: 7197982051548910649, guid: 33f15b68cba849d43bc59adc0c2e3986,
        type: 3}
      propertyPath: m_UiScaleMode
      value: 1
      objectReference: {fileID: 0}
    - target: {fileID: 7197982051548910649, guid: 33f15b68cba849d43bc59adc0c2e3986,
        type: 3}
      propertyPath: m_ReferenceResolution.x
      value: 1280
      objectReference: {fileID: 0}
    - target: {fileID: 7197982051548910649, guid: 33f15b68cba849d43bc59adc0c2e3986,
        type: 3}
      propertyPath: m_ReferenceResolution.y
      value: 720
      objectReference: {fileID: 0}
    - target: {fileID: 7197982051548910650, guid: 33f15b68cba849d43bc59adc0c2e3986,
        type: 3}
      propertyPath: m_Name
      value: NPCPopUp
      objectReference: {fileID: 0}
    - target: {fileID: 7197982051548910650, guid: 33f15b68cba849d43bc59adc0c2e3986,
        type: 3}
      propertyPath: m_IsActive
      value: 1
      objectReference: {fileID: 0}
    - target: {fileID: 7197982051548910651, guid: 33f15b68cba849d43bc59adc0c2e3986,
        type: 3}
      propertyPath: m_LocalPosition.x
      value: 0
      objectReference: {fileID: 0}
    - target: {fileID: 7197982051548910651, guid: 33f15b68cba849d43bc59adc0c2e3986,
        type: 3}
      propertyPath: m_LocalPosition.y
      value: 0
      objectReference: {fileID: 0}
    - target: {fileID: 7197982051548910651, guid: 33f15b68cba849d43bc59adc0c2e3986,
        type: 3}
      propertyPath: m_LocalPosition.z
      value: 0
      objectReference: {fileID: 0}
    - target: {fileID: 7197982051548910651, guid: 33f15b68cba849d43bc59adc0c2e3986,
        type: 3}
      propertyPath: m_LocalRotation.x
      value: 0
      objectReference: {fileID: 0}
    - target: {fileID: 7197982051548910651, guid: 33f15b68cba849d43bc59adc0c2e3986,
        type: 3}
      propertyPath: m_LocalRotation.y
      value: 0
      objectReference: {fileID: 0}
    - target: {fileID: 7197982051548910651, guid: 33f15b68cba849d43bc59adc0c2e3986,
        type: 3}
      propertyPath: m_LocalRotation.z
      value: 0
      objectReference: {fileID: 0}
    - target: {fileID: 7197982051548910651, guid: 33f15b68cba849d43bc59adc0c2e3986,
        type: 3}
      propertyPath: m_LocalRotation.w
      value: 1
      objectReference: {fileID: 0}
    - target: {fileID: 7197982051548910651, guid: 33f15b68cba849d43bc59adc0c2e3986,
        type: 3}
      propertyPath: m_RootOrder
      value: 4
      objectReference: {fileID: 0}
    - target: {fileID: 7197982051548910651, guid: 33f15b68cba849d43bc59adc0c2e3986,
        type: 3}
      propertyPath: m_LocalEulerAnglesHint.x
      value: 0
      objectReference: {fileID: 0}
    - target: {fileID: 7197982051548910651, guid: 33f15b68cba849d43bc59adc0c2e3986,
        type: 3}
      propertyPath: m_LocalEulerAnglesHint.y
      value: 0
      objectReference: {fileID: 0}
    - target: {fileID: 7197982051548910651, guid: 33f15b68cba849d43bc59adc0c2e3986,
        type: 3}
      propertyPath: m_LocalEulerAnglesHint.z
      value: 0
      objectReference: {fileID: 0}
    - target: {fileID: 7197982051548910651, guid: 33f15b68cba849d43bc59adc0c2e3986,
        type: 3}
      propertyPath: m_AnchoredPosition.x
      value: 0
      objectReference: {fileID: 0}
    - target: {fileID: 7197982051548910651, guid: 33f15b68cba849d43bc59adc0c2e3986,
        type: 3}
      propertyPath: m_AnchoredPosition.y
      value: 0
      objectReference: {fileID: 0}
    - target: {fileID: 7197982051548910651, guid: 33f15b68cba849d43bc59adc0c2e3986,
        type: 3}
      propertyPath: m_SizeDelta.x
      value: 0
      objectReference: {fileID: 0}
    - target: {fileID: 7197982051548910651, guid: 33f15b68cba849d43bc59adc0c2e3986,
        type: 3}
      propertyPath: m_SizeDelta.y
      value: 0
      objectReference: {fileID: 0}
    - target: {fileID: 7197982051548910651, guid: 33f15b68cba849d43bc59adc0c2e3986,
        type: 3}
      propertyPath: m_AnchorMin.x
      value: 0
      objectReference: {fileID: 0}
    - target: {fileID: 7197982051548910651, guid: 33f15b68cba849d43bc59adc0c2e3986,
        type: 3}
      propertyPath: m_AnchorMin.y
      value: 0
      objectReference: {fileID: 0}
    - target: {fileID: 7197982051548910651, guid: 33f15b68cba849d43bc59adc0c2e3986,
        type: 3}
      propertyPath: m_AnchorMax.x
      value: 0
      objectReference: {fileID: 0}
    - target: {fileID: 7197982051548910651, guid: 33f15b68cba849d43bc59adc0c2e3986,
        type: 3}
      propertyPath: m_AnchorMax.y
      value: 0
      objectReference: {fileID: 0}
    - target: {fileID: 7197982051548910651, guid: 33f15b68cba849d43bc59adc0c2e3986,
        type: 3}
      propertyPath: m_Pivot.x
      value: 0
      objectReference: {fileID: 0}
    - target: {fileID: 7197982051548910651, guid: 33f15b68cba849d43bc59adc0c2e3986,
        type: 3}
      propertyPath: m_Pivot.y
      value: 0
      objectReference: {fileID: 0}
    - target: {fileID: 7197982051702212584, guid: 33f15b68cba849d43bc59adc0c2e3986,
        type: 3}
      propertyPath: m_AnchoredPosition.y
      value: 105
      objectReference: {fileID: 0}
    - target: {fileID: 7197982052105815025, guid: 33f15b68cba849d43bc59adc0c2e3986,
        type: 3}
      propertyPath: m_AnchoredPosition.y
      value: 35
      objectReference: {fileID: 0}
    - target: {fileID: 7197982052711361458, guid: 33f15b68cba849d43bc59adc0c2e3986,
        type: 3}
      propertyPath: m_HorizontalAlignment
      value: 2
      objectReference: {fileID: 0}
    - target: {fileID: 7197982052711361458, guid: 33f15b68cba849d43bc59adc0c2e3986,
        type: 3}
      propertyPath: m_VerticalAlignment
      value: 512
      objectReference: {fileID: 0}
    - target: {fileID: 7197982052711361458, guid: 33f15b68cba849d43bc59adc0c2e3986,
        type: 3}
      propertyPath: m_textAlignment
      value: 65535
      objectReference: {fileID: 0}
    - target: {fileID: 7197982052711361458, guid: 33f15b68cba849d43bc59adc0c2e3986,
        type: 3}
      propertyPath: m_TextStyleHashCode
      value: -1183493901
      objectReference: {fileID: 0}
    - target: {fileID: 7197982052711361458, guid: 33f15b68cba849d43bc59adc0c2e3986,
        type: 3}
      propertyPath: m_fontAsset
      value: 
      objectReference: {fileID: 11400000, guid: 7d3eaad6ebeb9bd4a80f0f4102f7f635,
        type: 2}
    - target: {fileID: 7197982052711361458, guid: 33f15b68cba849d43bc59adc0c2e3986,
        type: 3}
      propertyPath: m_sharedMaterial
      value: 
      objectReference: {fileID: 21122916660003148, guid: 7d3eaad6ebeb9bd4a80f0f4102f7f635,
        type: 2}
    - target: {fileID: 7197982052711361458, guid: 33f15b68cba849d43bc59adc0c2e3986,
        type: 3}
      propertyPath: m_text
      value: "\uACE8\uB4DC \uD68D\uB4DD"
      objectReference: {fileID: 0}
    - target: {fileID: 7197982052711361458, guid: 33f15b68cba849d43bc59adc0c2e3986,
        type: 3}
      propertyPath: m_textInfo.characterCount
      value: 5
      objectReference: {fileID: 0}
    - target: {fileID: 7197982052711361458, guid: 33f15b68cba849d43bc59adc0c2e3986,
        type: 3}
      propertyPath: m_textInfo.spaceCount
      value: 1
      objectReference: {fileID: 0}
    - target: {fileID: 7197982052711361458, guid: 33f15b68cba849d43bc59adc0c2e3986,
        type: 3}
      propertyPath: m_textInfo.wordCount
      value: 2
      objectReference: {fileID: 0}
    - target: {fileID: 7197982052711361458, guid: 33f15b68cba849d43bc59adc0c2e3986,
        type: 3}
      propertyPath: m_textInfo.materialCount
      value: 2
      objectReference: {fileID: 0}
    - target: {fileID: 7197982052711361458, guid: 33f15b68cba849d43bc59adc0c2e3986,
        type: 3}
      propertyPath: m_subTextObjects.Array.data[1]
      value: 
      objectReference: {fileID: 102591121850865065}
    - target: {fileID: 7197982052864705706, guid: 33f15b68cba849d43bc59adc0c2e3986,
        type: 3}
      propertyPath: m_HorizontalAlignment
      value: 2
      objectReference: {fileID: 0}
    - target: {fileID: 7197982052864705706, guid: 33f15b68cba849d43bc59adc0c2e3986,
        type: 3}
      propertyPath: m_VerticalAlignment
      value: 512
      objectReference: {fileID: 0}
    - target: {fileID: 7197982052864705706, guid: 33f15b68cba849d43bc59adc0c2e3986,
        type: 3}
      propertyPath: m_textAlignment
      value: 65535
      objectReference: {fileID: 0}
    - target: {fileID: 7197982052864705706, guid: 33f15b68cba849d43bc59adc0c2e3986,
        type: 3}
      propertyPath: m_TextStyleHashCode
      value: -1183493901
      objectReference: {fileID: 0}
    - target: {fileID: 7197982052864705706, guid: 33f15b68cba849d43bc59adc0c2e3986,
        type: 3}
      propertyPath: m_text
      value: "\uBB34\uC791\uC704 \uC7A5\uBE44 \uD68D\uB4DD"
      objectReference: {fileID: 0}
    - target: {fileID: 7197982052864705706, guid: 33f15b68cba849d43bc59adc0c2e3986,
        type: 3}
      propertyPath: m_fontAsset
      value: 
      objectReference: {fileID: 11400000, guid: 7d3eaad6ebeb9bd4a80f0f4102f7f635,
        type: 2}
    - target: {fileID: 7197982052864705706, guid: 33f15b68cba849d43bc59adc0c2e3986,
        type: 3}
      propertyPath: m_sharedMaterial
      value: 
      objectReference: {fileID: 21122916660003148, guid: 7d3eaad6ebeb9bd4a80f0f4102f7f635,
        type: 2}
    - target: {fileID: 7197982052864705706, guid: 33f15b68cba849d43bc59adc0c2e3986,
        type: 3}
      propertyPath: m_textInfo.characterCount
      value: 9
      objectReference: {fileID: 0}
    - target: {fileID: 7197982052864705706, guid: 33f15b68cba849d43bc59adc0c2e3986,
        type: 3}
      propertyPath: m_textInfo.spaceCount
      value: 2
      objectReference: {fileID: 0}
    - target: {fileID: 7197982052864705706, guid: 33f15b68cba849d43bc59adc0c2e3986,
        type: 3}
      propertyPath: m_textInfo.wordCount
      value: 3
      objectReference: {fileID: 0}
    - target: {fileID: 7197982052864705706, guid: 33f15b68cba849d43bc59adc0c2e3986,
        type: 3}
      propertyPath: m_textInfo.lineCount
      value: 1
      objectReference: {fileID: 0}
    - target: {fileID: 7197982052864705706, guid: 33f15b68cba849d43bc59adc0c2e3986,
        type: 3}
      propertyPath: m_textInfo.materialCount
      value: 2
      objectReference: {fileID: 0}
    - target: {fileID: 7197982052864705706, guid: 33f15b68cba849d43bc59adc0c2e3986,
        type: 3}
      propertyPath: m_subTextObjects.Array.data[1]
      value: 
      objectReference: {fileID: 8998415793468477420}
    - target: {fileID: 7197982053360084323, guid: 33f15b68cba849d43bc59adc0c2e3986,
        type: 3}
      propertyPath: m_HorizontalAlignment
      value: 2
      objectReference: {fileID: 0}
    - target: {fileID: 7197982053360084323, guid: 33f15b68cba849d43bc59adc0c2e3986,
        type: 3}
      propertyPath: m_VerticalAlignment
      value: 512
      objectReference: {fileID: 0}
    - target: {fileID: 7197982053360084323, guid: 33f15b68cba849d43bc59adc0c2e3986,
        type: 3}
      propertyPath: m_textAlignment
      value: 65535
      objectReference: {fileID: 0}
    - target: {fileID: 7197982053360084323, guid: 33f15b68cba849d43bc59adc0c2e3986,
        type: 3}
      propertyPath: m_TextStyleHashCode
      value: -1183493901
      objectReference: {fileID: 0}
    - target: {fileID: 7197982053360084323, guid: 33f15b68cba849d43bc59adc0c2e3986,
        type: 3}
      propertyPath: m_text
      value: "\uBB34\uC791\uC704 \uBD80\uC6D0\uC18C \uD68D\uB4DD"
      objectReference: {fileID: 0}
    - target: {fileID: 7197982053360084323, guid: 33f15b68cba849d43bc59adc0c2e3986,
        type: 3}
      propertyPath: m_fontAsset
      value: 
      objectReference: {fileID: 11400000, guid: 7d3eaad6ebeb9bd4a80f0f4102f7f635,
        type: 2}
    - target: {fileID: 7197982053360084323, guid: 33f15b68cba849d43bc59adc0c2e3986,
        type: 3}
      propertyPath: m_sharedMaterial
      value: 
      objectReference: {fileID: 21122916660003148, guid: 7d3eaad6ebeb9bd4a80f0f4102f7f635,
        type: 2}
    - target: {fileID: 7197982053360084323, guid: 33f15b68cba849d43bc59adc0c2e3986,
        type: 3}
      propertyPath: m_textInfo.characterCount
      value: 10
      objectReference: {fileID: 0}
    - target: {fileID: 7197982053360084323, guid: 33f15b68cba849d43bc59adc0c2e3986,
        type: 3}
      propertyPath: m_textInfo.spaceCount
      value: 2
      objectReference: {fileID: 0}
    - target: {fileID: 7197982053360084323, guid: 33f15b68cba849d43bc59adc0c2e3986,
        type: 3}
      propertyPath: m_textInfo.wordCount
      value: 3
      objectReference: {fileID: 0}
    - target: {fileID: 7197982053360084323, guid: 33f15b68cba849d43bc59adc0c2e3986,
        type: 3}
      propertyPath: m_textInfo.lineCount
      value: 1
      objectReference: {fileID: 0}
    - target: {fileID: 7197982053360084323, guid: 33f15b68cba849d43bc59adc0c2e3986,
        type: 3}
      propertyPath: m_textInfo.materialCount
      value: 2
      objectReference: {fileID: 0}
    - target: {fileID: 7197982053360084323, guid: 33f15b68cba849d43bc59adc0c2e3986,
        type: 3}
      propertyPath: m_subTextObjects.Array.data[1]
      value: 
      objectReference: {fileID: 797125080107417421}
    m_RemovedComponents: []
  m_SourcePrefab: {fileID: 100100000, guid: 33f15b68cba849d43bc59adc0c2e3986, type: 3}
--- !u!114 &7339635459304962104 stripped
MonoBehaviour:
  m_CorrespondingSourceObject: {fileID: 7197982052864705706, guid: 33f15b68cba849d43bc59adc0c2e3986,
    type: 3}
  m_PrefabInstance: {fileID: 450290806450355346}
  m_PrefabAsset: {fileID: 0}
  m_GameObject: {fileID: 0}
  m_Enabled: 1
  m_EditorHideFlags: 0
  m_Script: {fileID: 11500000, guid: f4688fdb7df04437aeb418b961361dc5, type: 3}
  m_Name: 
  m_EditorClassIdentifier: 
--- !u!224 &7339635459014235943 stripped
RectTransform:
  m_CorrespondingSourceObject: {fileID: 7197982052711361461, guid: 33f15b68cba849d43bc59adc0c2e3986,
    type: 3}
  m_PrefabInstance: {fileID: 450290806450355346}
  m_PrefabAsset: {fileID: 0}
--- !u!114 &7339635459014235936 stripped
MonoBehaviour:
  m_CorrespondingSourceObject: {fileID: 7197982052711361458, guid: 33f15b68cba849d43bc59adc0c2e3986,
    type: 3}
  m_PrefabInstance: {fileID: 450290806450355346}
  m_PrefabAsset: {fileID: 0}
  m_GameObject: {fileID: 0}
  m_Enabled: 1
  m_EditorHideFlags: 0
  m_Script: {fileID: 11500000, guid: f4688fdb7df04437aeb418b961361dc5, type: 3}
  m_Name: 
  m_EditorClassIdentifier: 
--- !u!224 &7339635459304962111 stripped
RectTransform:
  m_CorrespondingSourceObject: {fileID: 7197982052864705709, guid: 33f15b68cba849d43bc59adc0c2e3986,
    type: 3}
  m_PrefabInstance: {fileID: 450290806450355346}
  m_PrefabAsset: {fileID: 0}
--- !u!114 &7339635459396655601 stripped
MonoBehaviour:
  m_CorrespondingSourceObject: {fileID: 7197982053360084323, guid: 33f15b68cba849d43bc59adc0c2e3986,
    type: 3}
  m_PrefabInstance: {fileID: 450290806450355346}
  m_PrefabAsset: {fileID: 0}
  m_GameObject: {fileID: 0}
  m_Enabled: 1
  m_EditorHideFlags: 0
  m_Script: {fileID: 11500000, guid: f4688fdb7df04437aeb418b961361dc5, type: 3}
  m_Name: 
  m_EditorClassIdentifier: 
--- !u!224 &7339635459396655600 stripped
RectTransform:
  m_CorrespondingSourceObject: {fileID: 7197982053360084322, guid: 33f15b68cba849d43bc59adc0c2e3986,
    type: 3}
  m_PrefabInstance: {fileID: 450290806450355346}
  m_PrefabAsset: {fileID: 0}
--- !u!224 &7339635460134480041 stripped
RectTransform:
  m_CorrespondingSourceObject: {fileID: 7197982051548910651, guid: 33f15b68cba849d43bc59adc0c2e3986,
    type: 3}
  m_PrefabInstance: {fileID: 450290806450355346}
  m_PrefabAsset: {fileID: 0}
--- !u!1 &7339635460134480040 stripped
GameObject:
  m_CorrespondingSourceObject: {fileID: 7197982051548910650, guid: 33f15b68cba849d43bc59adc0c2e3986,
    type: 3}
  m_PrefabInstance: {fileID: 450290806450355346}
  m_PrefabAsset: {fileID: 0}
--- !u!1001 &4324658803039261269
PrefabInstance:
  m_ObjectHideFlags: 0
  serializedVersion: 2
  m_Modification:
    m_TransformParent: {fileID: 7199075731705044808}
    m_Modifications:
    - target: {fileID: 4806596977156298133, guid: 33e45e5bee9c99f4d8e1ad08de36f54a,
        type: 3}
      propertyPath: m_Layer
      value: 11
      objectReference: {fileID: 0}
    - target: {fileID: 4842530491277948539, guid: 33e45e5bee9c99f4d8e1ad08de36f54a,
        type: 3}
      propertyPath: m_LocalPosition.x
      value: 7.67
      objectReference: {fileID: 0}
    - target: {fileID: 4842530491277948539, guid: 33e45e5bee9c99f4d8e1ad08de36f54a,
        type: 3}
      propertyPath: m_LocalPosition.y
      value: 0
      objectReference: {fileID: 0}
    - target: {fileID: 4842530491277948539, guid: 33e45e5bee9c99f4d8e1ad08de36f54a,
        type: 3}
      propertyPath: m_LocalPosition.z
      value: 12.3
      objectReference: {fileID: 0}
    - target: {fileID: 4842530491277948539, guid: 33e45e5bee9c99f4d8e1ad08de36f54a,
        type: 3}
      propertyPath: m_LocalRotation.x
      value: 0
      objectReference: {fileID: 0}
    - target: {fileID: 4842530491277948539, guid: 33e45e5bee9c99f4d8e1ad08de36f54a,
        type: 3}
      propertyPath: m_LocalRotation.y
      value: 1
      objectReference: {fileID: 0}
    - target: {fileID: 4842530491277948539, guid: 33e45e5bee9c99f4d8e1ad08de36f54a,
        type: 3}
      propertyPath: m_LocalRotation.z
      value: 0
      objectReference: {fileID: 0}
    - target: {fileID: 4842530491277948539, guid: 33e45e5bee9c99f4d8e1ad08de36f54a,
        type: 3}
      propertyPath: m_LocalRotation.w
      value: 0
      objectReference: {fileID: 0}
    - target: {fileID: 4842530491277948539, guid: 33e45e5bee9c99f4d8e1ad08de36f54a,
        type: 3}
      propertyPath: m_RootOrder
      value: 5
      objectReference: {fileID: 0}
    - target: {fileID: 4842530491277948539, guid: 33e45e5bee9c99f4d8e1ad08de36f54a,
        type: 3}
      propertyPath: m_LocalEulerAnglesHint.x
      value: 0
      objectReference: {fileID: 0}
    - target: {fileID: 4842530491277948539, guid: 33e45e5bee9c99f4d8e1ad08de36f54a,
        type: 3}
      propertyPath: m_LocalEulerAnglesHint.y
      value: 180
      objectReference: {fileID: 0}
    - target: {fileID: 4842530491277948539, guid: 33e45e5bee9c99f4d8e1ad08de36f54a,
        type: 3}
      propertyPath: m_LocalEulerAnglesHint.z
      value: 0
      objectReference: {fileID: 0}
    - target: {fileID: 4843624931088620109, guid: 33e45e5bee9c99f4d8e1ad08de36f54a,
        type: 3}
      propertyPath: m_Layer
      value: 10
      objectReference: {fileID: 0}
    - target: {fileID: 4843628240774502621, guid: 33e45e5bee9c99f4d8e1ad08de36f54a,
        type: 3}
      propertyPath: m_Layer
      value: 10
      objectReference: {fileID: 0}
    - target: {fileID: 4843700913822567707, guid: 33e45e5bee9c99f4d8e1ad08de36f54a,
        type: 3}
      propertyPath: m_Layer
      value: 10
      objectReference: {fileID: 0}
    - target: {fileID: 4843739332212699505, guid: 33e45e5bee9c99f4d8e1ad08de36f54a,
        type: 3}
      propertyPath: m_Layer
      value: 10
      objectReference: {fileID: 0}
    - target: {fileID: 4843759680795430809, guid: 33e45e5bee9c99f4d8e1ad08de36f54a,
        type: 3}
      propertyPath: m_Name
      value: PBR_Golem
      objectReference: {fileID: 0}
    - target: {fileID: 4843759680795430809, guid: 33e45e5bee9c99f4d8e1ad08de36f54a,
        type: 3}
      propertyPath: m_Layer
      value: 10
      objectReference: {fileID: 0}
    - target: {fileID: 4844666493204291663, guid: 33e45e5bee9c99f4d8e1ad08de36f54a,
        type: 3}
      propertyPath: _attackMin
      value: 30
      objectReference: {fileID: 0}
    - target: {fileID: 4844666493204291663, guid: 33e45e5bee9c99f4d8e1ad08de36f54a,
        type: 3}
      propertyPath: _attackMax
      value: 50
      objectReference: {fileID: 0}
    - target: {fileID: 4844953279907274433, guid: 33e45e5bee9c99f4d8e1ad08de36f54a,
        type: 3}
      propertyPath: m_Layer
      value: 10
      objectReference: {fileID: 0}
    - target: {fileID: 4845104159109834007, guid: 33e45e5bee9c99f4d8e1ad08de36f54a,
        type: 3}
      propertyPath: m_Layer
      value: 10
      objectReference: {fileID: 0}
    - target: {fileID: 4845145834916055363, guid: 33e45e5bee9c99f4d8e1ad08de36f54a,
        type: 3}
      propertyPath: m_Layer
      value: 10
      objectReference: {fileID: 0}
    - target: {fileID: 4845175094504713099, guid: 33e45e5bee9c99f4d8e1ad08de36f54a,
        type: 3}
      propertyPath: m_Layer
      value: 10
      objectReference: {fileID: 0}
    - target: {fileID: 4845245178737974873, guid: 33e45e5bee9c99f4d8e1ad08de36f54a,
        type: 3}
      propertyPath: m_Layer
      value: 10
      objectReference: {fileID: 0}
    - target: {fileID: 4845252791124831813, guid: 33e45e5bee9c99f4d8e1ad08de36f54a,
        type: 3}
      propertyPath: m_Layer
      value: 10
      objectReference: {fileID: 0}
    - target: {fileID: 4845390566988597751, guid: 33e45e5bee9c99f4d8e1ad08de36f54a,
        type: 3}
      propertyPath: m_Layer
      value: 10
      objectReference: {fileID: 0}
    - target: {fileID: 4845436397911805791, guid: 33e45e5bee9c99f4d8e1ad08de36f54a,
        type: 3}
      propertyPath: m_Layer
      value: 10
      objectReference: {fileID: 0}
    - target: {fileID: 4845441530279603563, guid: 33e45e5bee9c99f4d8e1ad08de36f54a,
        type: 3}
      propertyPath: m_Layer
      value: 10
      objectReference: {fileID: 0}
    - target: {fileID: 4845508263551445771, guid: 33e45e5bee9c99f4d8e1ad08de36f54a,
        type: 3}
      propertyPath: m_Layer
      value: 10
      objectReference: {fileID: 0}
    - target: {fileID: 4845574952668076181, guid: 33e45e5bee9c99f4d8e1ad08de36f54a,
        type: 3}
      propertyPath: m_Layer
      value: 10
      objectReference: {fileID: 0}
    - target: {fileID: 4845603100618473547, guid: 33e45e5bee9c99f4d8e1ad08de36f54a,
        type: 3}
      propertyPath: m_Layer
      value: 10
      objectReference: {fileID: 0}
    - target: {fileID: 4845614117448729831, guid: 33e45e5bee9c99f4d8e1ad08de36f54a,
        type: 3}
      propertyPath: m_Layer
      value: 10
      objectReference: {fileID: 0}
    - target: {fileID: 4845710923644640571, guid: 33e45e5bee9c99f4d8e1ad08de36f54a,
        type: 3}
      propertyPath: m_Layer
      value: 10
      objectReference: {fileID: 0}
    - target: {fileID: 4845736753515132351, guid: 33e45e5bee9c99f4d8e1ad08de36f54a,
        type: 3}
      propertyPath: m_Layer
      value: 10
      objectReference: {fileID: 0}
    - target: {fileID: 4845767526167585361, guid: 33e45e5bee9c99f4d8e1ad08de36f54a,
        type: 3}
      propertyPath: m_Layer
      value: 10
      objectReference: {fileID: 0}
    - target: {fileID: 4845811881157148971, guid: 33e45e5bee9c99f4d8e1ad08de36f54a,
        type: 3}
      propertyPath: m_Layer
      value: 10
      objectReference: {fileID: 0}
    m_RemovedComponents: []
  m_SourcePrefab: {fileID: 100100000, guid: 33e45e5bee9c99f4d8e1ad08de36f54a, type: 3}
--- !u!1 &9168268365024730572 stripped
GameObject:
  m_CorrespondingSourceObject: {fileID: 4843759680795430809, guid: 33e45e5bee9c99f4d8e1ad08de36f54a,
    type: 3}
  m_PrefabInstance: {fileID: 4324658803039261269}
  m_PrefabAsset: {fileID: 0}
--- !u!4 &9164923748979401774 stripped
Transform:
  m_CorrespondingSourceObject: {fileID: 4842530491277948539, guid: 33e45e5bee9c99f4d8e1ad08de36f54a,
    type: 3}
  m_PrefabInstance: {fileID: 4324658803039261269}
  m_PrefabAsset: {fileID: 0}
--- !u!1001 &4475558068938737567
PrefabInstance:
  m_ObjectHideFlags: 0
  serializedVersion: 2
  m_Modification:
    m_TransformParent: {fileID: 1419936251768360536}
    m_Modifications:
    - target: {fileID: 6702364799638411840, guid: d9086bfc6d113ab409f8a3db7ff12703,
        type: 3}
      propertyPath: m_Name
      value: 2x6WallGroup
      objectReference: {fileID: 0}
    - target: {fileID: 6702364799638411847, guid: d9086bfc6d113ab409f8a3db7ff12703,
        type: 3}
      propertyPath: m_LocalPosition.x
      value: -2
      objectReference: {fileID: 0}
    - target: {fileID: 6702364799638411847, guid: d9086bfc6d113ab409f8a3db7ff12703,
        type: 3}
      propertyPath: m_LocalPosition.y
      value: 0
      objectReference: {fileID: 0}
    - target: {fileID: 6702364799638411847, guid: d9086bfc6d113ab409f8a3db7ff12703,
        type: 3}
      propertyPath: m_LocalPosition.z
      value: 18
      objectReference: {fileID: 0}
    - target: {fileID: 6702364799638411847, guid: d9086bfc6d113ab409f8a3db7ff12703,
        type: 3}
      propertyPath: m_LocalRotation.x
      value: 0
      objectReference: {fileID: 0}
    - target: {fileID: 6702364799638411847, guid: d9086bfc6d113ab409f8a3db7ff12703,
        type: 3}
      propertyPath: m_LocalRotation.y
      value: 0.7071068
      objectReference: {fileID: 0}
    - target: {fileID: 6702364799638411847, guid: d9086bfc6d113ab409f8a3db7ff12703,
        type: 3}
      propertyPath: m_LocalRotation.z
      value: 0
      objectReference: {fileID: 0}
    - target: {fileID: 6702364799638411847, guid: d9086bfc6d113ab409f8a3db7ff12703,
        type: 3}
      propertyPath: m_LocalRotation.w
      value: 0.7071068
      objectReference: {fileID: 0}
    - target: {fileID: 6702364799638411847, guid: d9086bfc6d113ab409f8a3db7ff12703,
        type: 3}
      propertyPath: m_RootOrder
      value: 1
      objectReference: {fileID: 0}
    - target: {fileID: 6702364799638411847, guid: d9086bfc6d113ab409f8a3db7ff12703,
        type: 3}
      propertyPath: m_LocalEulerAnglesHint.x
      value: 0
      objectReference: {fileID: 0}
    - target: {fileID: 6702364799638411847, guid: d9086bfc6d113ab409f8a3db7ff12703,
        type: 3}
      propertyPath: m_LocalEulerAnglesHint.y
      value: 90
      objectReference: {fileID: 0}
    - target: {fileID: 6702364799638411847, guid: d9086bfc6d113ab409f8a3db7ff12703,
        type: 3}
      propertyPath: m_LocalEulerAnglesHint.z
      value: 0
      objectReference: {fileID: 0}
    m_RemovedComponents: []
  m_SourcePrefab: {fileID: 100100000, guid: d9086bfc6d113ab409f8a3db7ff12703, type: 3}
--- !u!4 &7142697050398629336 stripped
Transform:
  m_CorrespondingSourceObject: {fileID: 6702364799638411847, guid: d9086bfc6d113ab409f8a3db7ff12703,
    type: 3}
  m_PrefabInstance: {fileID: 4475558068938737567}
  m_PrefabAsset: {fileID: 0}
--- !u!1001 &4556049668421747865
PrefabInstance:
  m_ObjectHideFlags: 0
  serializedVersion: 2
  m_Modification:
    m_TransformParent: {fileID: 5468793800288413637}
    m_Modifications:
    - target: {fileID: 2250110932050924909, guid: 6daf6d708dd836642be12bd15b0e0110,
        type: 3}
      propertyPath: m_LocalPosition.x
      value: 0
      objectReference: {fileID: 0}
    - target: {fileID: 2250110932050924909, guid: 6daf6d708dd836642be12bd15b0e0110,
        type: 3}
      propertyPath: m_LocalPosition.y
      value: 0
      objectReference: {fileID: 0}
    - target: {fileID: 2250110932050924909, guid: 6daf6d708dd836642be12bd15b0e0110,
        type: 3}
      propertyPath: m_LocalPosition.z
      value: 0
      objectReference: {fileID: 0}
    - target: {fileID: 2250110932050924909, guid: 6daf6d708dd836642be12bd15b0e0110,
        type: 3}
      propertyPath: m_LocalRotation.x
      value: 0
      objectReference: {fileID: 0}
    - target: {fileID: 2250110932050924909, guid: 6daf6d708dd836642be12bd15b0e0110,
        type: 3}
      propertyPath: m_LocalRotation.y
      value: 0
      objectReference: {fileID: 0}
    - target: {fileID: 2250110932050924909, guid: 6daf6d708dd836642be12bd15b0e0110,
        type: 3}
      propertyPath: m_LocalRotation.z
      value: 0
      objectReference: {fileID: 0}
    - target: {fileID: 2250110932050924909, guid: 6daf6d708dd836642be12bd15b0e0110,
        type: 3}
      propertyPath: m_LocalRotation.w
      value: 1
      objectReference: {fileID: 0}
    - target: {fileID: 2250110932050924909, guid: 6daf6d708dd836642be12bd15b0e0110,
        type: 3}
      propertyPath: m_RootOrder
      value: 0
      objectReference: {fileID: 0}
    - target: {fileID: 2250110932050924909, guid: 6daf6d708dd836642be12bd15b0e0110,
        type: 3}
      propertyPath: m_LocalEulerAnglesHint.x
      value: 0
      objectReference: {fileID: 0}
    - target: {fileID: 2250110932050924909, guid: 6daf6d708dd836642be12bd15b0e0110,
        type: 3}
      propertyPath: m_LocalEulerAnglesHint.y
      value: 0
      objectReference: {fileID: 0}
    - target: {fileID: 2250110932050924909, guid: 6daf6d708dd836642be12bd15b0e0110,
        type: 3}
      propertyPath: m_LocalEulerAnglesHint.z
      value: 0
      objectReference: {fileID: 0}
    - target: {fileID: 6701393389257869586, guid: 6daf6d708dd836642be12bd15b0e0110,
        type: 3}
      propertyPath: m_Name
      value: 6x6NotNormalRoomTileGroup
      objectReference: {fileID: 0}
    m_RemovedComponents: []
  m_SourcePrefab: {fileID: 100100000, guid: 6daf6d708dd836642be12bd15b0e0110, type: 3}
--- !u!4 &2306873184152900084 stripped
Transform:
  m_CorrespondingSourceObject: {fileID: 2250110932050924909, guid: 6daf6d708dd836642be12bd15b0e0110,
    type: 3}
  m_PrefabInstance: {fileID: 4556049668421747865}
  m_PrefabAsset: {fileID: 0}
--- !u!1001 &5292479958913209963
PrefabInstance:
  m_ObjectHideFlags: 0
  serializedVersion: 2
  m_Modification:
    m_TransformParent: {fileID: 1419936251768360536}
    m_Modifications:
    - target: {fileID: 6702364799638411840, guid: d9086bfc6d113ab409f8a3db7ff12703,
        type: 3}
      propertyPath: m_Name
      value: 2x6WallGroup (2)
      objectReference: {fileID: 0}
    - target: {fileID: 6702364799638411847, guid: d9086bfc6d113ab409f8a3db7ff12703,
        type: 3}
      propertyPath: m_LocalPosition.x
      value: 18
      objectReference: {fileID: 0}
    - target: {fileID: 6702364799638411847, guid: d9086bfc6d113ab409f8a3db7ff12703,
        type: 3}
      propertyPath: m_LocalPosition.y
      value: 0
      objectReference: {fileID: 0}
    - target: {fileID: 6702364799638411847, guid: d9086bfc6d113ab409f8a3db7ff12703,
        type: 3}
      propertyPath: m_LocalPosition.z
      value: -2
      objectReference: {fileID: 0}
    - target: {fileID: 6702364799638411847, guid: d9086bfc6d113ab409f8a3db7ff12703,
        type: 3}
      propertyPath: m_LocalRotation.x
      value: 0
      objectReference: {fileID: 0}
    - target: {fileID: 6702364799638411847, guid: d9086bfc6d113ab409f8a3db7ff12703,
        type: 3}
      propertyPath: m_LocalRotation.y
      value: 0.7071068
      objectReference: {fileID: 0}
    - target: {fileID: 6702364799638411847, guid: d9086bfc6d113ab409f8a3db7ff12703,
        type: 3}
      propertyPath: m_LocalRotation.z
      value: -0
      objectReference: {fileID: 0}
    - target: {fileID: 6702364799638411847, guid: d9086bfc6d113ab409f8a3db7ff12703,
        type: 3}
      propertyPath: m_LocalRotation.w
      value: -0.7071068
      objectReference: {fileID: 0}
    - target: {fileID: 6702364799638411847, guid: d9086bfc6d113ab409f8a3db7ff12703,
        type: 3}
      propertyPath: m_RootOrder
      value: 3
      objectReference: {fileID: 0}
    - target: {fileID: 6702364799638411847, guid: d9086bfc6d113ab409f8a3db7ff12703,
        type: 3}
      propertyPath: m_LocalEulerAnglesHint.x
      value: 0
      objectReference: {fileID: 0}
    - target: {fileID: 6702364799638411847, guid: d9086bfc6d113ab409f8a3db7ff12703,
        type: 3}
      propertyPath: m_LocalEulerAnglesHint.y
      value: 270
      objectReference: {fileID: 0}
    - target: {fileID: 6702364799638411847, guid: d9086bfc6d113ab409f8a3db7ff12703,
        type: 3}
      propertyPath: m_LocalEulerAnglesHint.z
      value: 0
      objectReference: {fileID: 0}
    m_RemovedComponents: []
  m_SourcePrefab: {fileID: 100100000, guid: d9086bfc6d113ab409f8a3db7ff12703, type: 3}
--- !u!4 &1473028084727991340 stripped
Transform:
  m_CorrespondingSourceObject: {fileID: 6702364799638411847, guid: d9086bfc6d113ab409f8a3db7ff12703,
    type: 3}
  m_PrefabInstance: {fileID: 5292479958913209963}
  m_PrefabAsset: {fileID: 0}
--- !u!1001 &5880955964666090309
PrefabInstance:
  m_ObjectHideFlags: 0
  serializedVersion: 2
  m_Modification:
    m_TransformParent: {fileID: 7199075731705044808}
    m_Modifications:
    - target: {fileID: 6453902433369907937, guid: a5ce00256d572344c82cce7c5284c90b,
        type: 3}
      propertyPath: m_LocalPosition.x
      value: 8
      objectReference: {fileID: 0}
    - target: {fileID: 6453902433369907937, guid: a5ce00256d572344c82cce7c5284c90b,
        type: 3}
      propertyPath: m_LocalPosition.y
      value: 0
      objectReference: {fileID: 0}
    - target: {fileID: 6453902433369907937, guid: a5ce00256d572344c82cce7c5284c90b,
        type: 3}
      propertyPath: m_LocalPosition.z
      value: 8
      objectReference: {fileID: 0}
    - target: {fileID: 6453902433369907937, guid: a5ce00256d572344c82cce7c5284c90b,
        type: 3}
      propertyPath: m_LocalRotation.x
      value: -0
      objectReference: {fileID: 0}
    - target: {fileID: 6453902433369907937, guid: a5ce00256d572344c82cce7c5284c90b,
        type: 3}
      propertyPath: m_LocalRotation.y
      value: -0
      objectReference: {fileID: 0}
    - target: {fileID: 6453902433369907937, guid: a5ce00256d572344c82cce7c5284c90b,
        type: 3}
      propertyPath: m_LocalRotation.z
      value: -0
      objectReference: {fileID: 0}
    - target: {fileID: 6453902433369907937, guid: a5ce00256d572344c82cce7c5284c90b,
        type: 3}
      propertyPath: m_LocalRotation.w
      value: 1
      objectReference: {fileID: 0}
    - target: {fileID: 6453902433369907937, guid: a5ce00256d572344c82cce7c5284c90b,
        type: 3}
      propertyPath: m_RootOrder
      value: 2
      objectReference: {fileID: 0}
    - target: {fileID: 6453902433369907937, guid: a5ce00256d572344c82cce7c5284c90b,
        type: 3}
      propertyPath: m_LocalEulerAnglesHint.x
      value: 0
      objectReference: {fileID: 0}
    - target: {fileID: 6453902433369907937, guid: a5ce00256d572344c82cce7c5284c90b,
        type: 3}
      propertyPath: m_LocalEulerAnglesHint.y
      value: 0
      objectReference: {fileID: 0}
    - target: {fileID: 6453902433369907937, guid: a5ce00256d572344c82cce7c5284c90b,
        type: 3}
      propertyPath: m_LocalEulerAnglesHint.z
      value: 0
      objectReference: {fileID: 0}
    - target: {fileID: 6457430063123117807, guid: a5ce00256d572344c82cce7c5284c90b,
        type: 3}
      propertyPath: m_Name
      value: treasure_chest_closed
      objectReference: {fileID: 0}
    - target: {fileID: 6457430063123117807, guid: a5ce00256d572344c82cce7c5284c90b,
        type: 3}
      propertyPath: m_IsActive
      value: 1
      objectReference: {fileID: 0}
    - target: {fileID: 6457430063123117807, guid: a5ce00256d572344c82cce7c5284c90b,
        type: 3}
      propertyPath: m_Layer
      value: 9
      objectReference: {fileID: 0}
    m_RemovedComponents: []
  m_SourcePrefab: {fileID: 100100000, guid: a5ce00256d572344c82cce7c5284c90b, type: 3}
--- !u!4 &580265454076555684 stripped
Transform:
  m_CorrespondingSourceObject: {fileID: 6453902433369907937, guid: a5ce00256d572344c82cce7c5284c90b,
    type: 3}
  m_PrefabInstance: {fileID: 5880955964666090309}
  m_PrefabAsset: {fileID: 0}
--- !u!1001 &6536735360763333833
PrefabInstance:
  m_ObjectHideFlags: 0
  serializedVersion: 2
  m_Modification:
    m_TransformParent: {fileID: 1419936251768360536}
    m_Modifications:
    - target: {fileID: 6702364799638411840, guid: d9086bfc6d113ab409f8a3db7ff12703,
        type: 3}
      propertyPath: m_Name
      value: 2x6WallGroup (1)
      objectReference: {fileID: 0}
    - target: {fileID: 6702364799638411847, guid: d9086bfc6d113ab409f8a3db7ff12703,
        type: 3}
      propertyPath: m_LocalPosition.x
      value: 18
      objectReference: {fileID: 0}
    - target: {fileID: 6702364799638411847, guid: d9086bfc6d113ab409f8a3db7ff12703,
        type: 3}
      propertyPath: m_LocalPosition.y
      value: 0
      objectReference: {fileID: 0}
    - target: {fileID: 6702364799638411847, guid: d9086bfc6d113ab409f8a3db7ff12703,
        type: 3}
      propertyPath: m_LocalPosition.z
      value: 18
      objectReference: {fileID: 0}
    - target: {fileID: 6702364799638411847, guid: d9086bfc6d113ab409f8a3db7ff12703,
        type: 3}
      propertyPath: m_LocalRotation.x
      value: 0
      objectReference: {fileID: 0}
    - target: {fileID: 6702364799638411847, guid: d9086bfc6d113ab409f8a3db7ff12703,
        type: 3}
      propertyPath: m_LocalRotation.y
      value: 1
      objectReference: {fileID: 0}
    - target: {fileID: 6702364799638411847, guid: d9086bfc6d113ab409f8a3db7ff12703,
        type: 3}
      propertyPath: m_LocalRotation.z
      value: 0
      objectReference: {fileID: 0}
    - target: {fileID: 6702364799638411847, guid: d9086bfc6d113ab409f8a3db7ff12703,
        type: 3}
      propertyPath: m_LocalRotation.w
      value: 0
      objectReference: {fileID: 0}
    - target: {fileID: 6702364799638411847, guid: d9086bfc6d113ab409f8a3db7ff12703,
        type: 3}
      propertyPath: m_RootOrder
      value: 2
      objectReference: {fileID: 0}
    - target: {fileID: 6702364799638411847, guid: d9086bfc6d113ab409f8a3db7ff12703,
        type: 3}
      propertyPath: m_LocalEulerAnglesHint.x
      value: 0
      objectReference: {fileID: 0}
    - target: {fileID: 6702364799638411847, guid: d9086bfc6d113ab409f8a3db7ff12703,
        type: 3}
      propertyPath: m_LocalEulerAnglesHint.y
      value: 180
      objectReference: {fileID: 0}
    - target: {fileID: 6702364799638411847, guid: d9086bfc6d113ab409f8a3db7ff12703,
        type: 3}
      propertyPath: m_LocalEulerAnglesHint.z
      value: 0
      objectReference: {fileID: 0}
    m_RemovedComponents: []
  m_SourcePrefab: {fileID: 100100000, guid: d9086bfc6d113ab409f8a3db7ff12703, type: 3}
--- !u!4 &555265927232296590 stripped
Transform:
  m_CorrespondingSourceObject: {fileID: 6702364799638411847, guid: d9086bfc6d113ab409f8a3db7ff12703,
    type: 3}
  m_PrefabInstance: {fileID: 6536735360763333833}
  m_PrefabAsset: {fileID: 0}
--- !u!1001 &7542547124951597265
PrefabInstance:
  m_ObjectHideFlags: 0
  serializedVersion: 2
  m_Modification:
    m_TransformParent: {fileID: 7199075731705044808}
    m_Modifications:
    - target: {fileID: 189141582034419919, guid: d3848ff3e06dc0a429df70224d97d0f6,
        type: 3}
      propertyPath: m_Material
      value: 
      objectReference: {fileID: 0}
    - target: {fileID: 189141582034419919, guid: d3848ff3e06dc0a429df70224d97d0f6,
        type: 3}
      propertyPath: m_sharedMaterial
      value: 
      objectReference: {fileID: 0}
    - target: {fileID: 675249301354331908, guid: d3848ff3e06dc0a429df70224d97d0f6,
        type: 3}
      propertyPath: m_LocalPosition.x
      value: 16
      objectReference: {fileID: 0}
    - target: {fileID: 675249301354331908, guid: d3848ff3e06dc0a429df70224d97d0f6,
        type: 3}
      propertyPath: m_LocalPosition.z
      value: 16
      objectReference: {fileID: 0}
    - target: {fileID: 2545838391210071451, guid: d3848ff3e06dc0a429df70224d97d0f6,
        type: 3}
      propertyPath: m_LocalPosition.x
      value: 8
      objectReference: {fileID: 0}
    - target: {fileID: 2545838391210071451, guid: d3848ff3e06dc0a429df70224d97d0f6,
        type: 3}
      propertyPath: m_LocalPosition.z
      value: 16
      objectReference: {fileID: 0}
    - target: {fileID: 3472311927542759389, guid: d3848ff3e06dc0a429df70224d97d0f6,
        type: 3}
      propertyPath: m_textInfo.characterCount
      value: 8
      objectReference: {fileID: 0}
    - target: {fileID: 3472311927542759389, guid: d3848ff3e06dc0a429df70224d97d0f6,
        type: 3}
      propertyPath: m_textInfo.spaceCount
      value: 1
      objectReference: {fileID: 0}
    - target: {fileID: 3472311927542759389, guid: d3848ff3e06dc0a429df70224d97d0f6,
        type: 3}
      propertyPath: m_textInfo.wordCount
      value: 2
      objectReference: {fileID: 0}
    - target: {fileID: 3472311927542759389, guid: d3848ff3e06dc0a429df70224d97d0f6,
        type: 3}
      propertyPath: m_textInfo.lineCount
      value: 1
      objectReference: {fileID: 0}
    - target: {fileID: 3472311927542759389, guid: d3848ff3e06dc0a429df70224d97d0f6,
        type: 3}
      propertyPath: m_textInfo.pageCount
      value: 1
      objectReference: {fileID: 0}
    - target: {fileID: 3472311927542759389, guid: d3848ff3e06dc0a429df70224d97d0f6,
        type: 3}
      propertyPath: m_textInfo.materialCount
      value: 2
      objectReference: {fileID: 0}
    - target: {fileID: 3472311927542759389, guid: d3848ff3e06dc0a429df70224d97d0f6,
        type: 3}
      propertyPath: m_TextStyleHashCode
      value: -1183493901
      objectReference: {fileID: 0}
    - target: {fileID: 3472311927542759389, guid: d3848ff3e06dc0a429df70224d97d0f6,
        type: 3}
      propertyPath: m_HorizontalAlignment
      value: 2
      objectReference: {fileID: 0}
    - target: {fileID: 3472311927542759389, guid: d3848ff3e06dc0a429df70224d97d0f6,
        type: 3}
      propertyPath: m_textAlignment
      value: 65535
      objectReference: {fileID: 0}
    - target: {fileID: 3727699824252565320, guid: d3848ff3e06dc0a429df70224d97d0f6,
        type: 3}
      propertyPath: m_textInfo.characterCount
      value: 4
      objectReference: {fileID: 0}
    - target: {fileID: 3727699824252565320, guid: d3848ff3e06dc0a429df70224d97d0f6,
        type: 3}
      propertyPath: m_textInfo.wordCount
      value: 1
      objectReference: {fileID: 0}
    - target: {fileID: 3727699824252565320, guid: d3848ff3e06dc0a429df70224d97d0f6,
        type: 3}
      propertyPath: m_textInfo.lineCount
      value: 1
      objectReference: {fileID: 0}
    - target: {fileID: 3727699824252565320, guid: d3848ff3e06dc0a429df70224d97d0f6,
        type: 3}
      propertyPath: m_textInfo.pageCount
      value: 1
      objectReference: {fileID: 0}
    - target: {fileID: 3727699824252565320, guid: d3848ff3e06dc0a429df70224d97d0f6,
        type: 3}
      propertyPath: m_TextStyleHashCode
      value: -1183493901
      objectReference: {fileID: 0}
    - target: {fileID: 3727699824252565320, guid: d3848ff3e06dc0a429df70224d97d0f6,
        type: 3}
      propertyPath: m_HorizontalAlignment
      value: 2
      objectReference: {fileID: 0}
    - target: {fileID: 3727699824252565320, guid: d3848ff3e06dc0a429df70224d97d0f6,
        type: 3}
      propertyPath: m_textAlignment
      value: 65535
      objectReference: {fileID: 0}
    - target: {fileID: 5183172541682653519, guid: d3848ff3e06dc0a429df70224d97d0f6,
        type: 3}
      propertyPath: m_Material
      value: 
      objectReference: {fileID: 0}
    - target: {fileID: 5183172541682653519, guid: d3848ff3e06dc0a429df70224d97d0f6,
        type: 3}
      propertyPath: m_sharedMaterial
      value: 
      objectReference: {fileID: 0}
    - target: {fileID: 5325361799583986819, guid: d3848ff3e06dc0a429df70224d97d0f6,
        type: 3}
      propertyPath: m_LocalPosition.x
      value: 0
      objectReference: {fileID: 0}
    - target: {fileID: 5325361799583986819, guid: d3848ff3e06dc0a429df70224d97d0f6,
        type: 3}
      propertyPath: m_LocalPosition.y
      value: 0
      objectReference: {fileID: 0}
    - target: {fileID: 5325361799583986819, guid: d3848ff3e06dc0a429df70224d97d0f6,
        type: 3}
      propertyPath: m_LocalPosition.z
      value: 0
      objectReference: {fileID: 0}
    - target: {fileID: 5325361799583986819, guid: d3848ff3e06dc0a429df70224d97d0f6,
        type: 3}
      propertyPath: m_LocalRotation.x
      value: 0
      objectReference: {fileID: 0}
    - target: {fileID: 5325361799583986819, guid: d3848ff3e06dc0a429df70224d97d0f6,
        type: 3}
      propertyPath: m_LocalRotation.y
      value: 0
      objectReference: {fileID: 0}
    - target: {fileID: 5325361799583986819, guid: d3848ff3e06dc0a429df70224d97d0f6,
        type: 3}
      propertyPath: m_LocalRotation.z
      value: 0
      objectReference: {fileID: 0}
    - target: {fileID: 5325361799583986819, guid: d3848ff3e06dc0a429df70224d97d0f6,
        type: 3}
      propertyPath: m_LocalRotation.w
      value: 1
      objectReference: {fileID: 0}
    - target: {fileID: 5325361799583986819, guid: d3848ff3e06dc0a429df70224d97d0f6,
        type: 3}
      propertyPath: m_RootOrder
      value: 3
      objectReference: {fileID: 0}
    - target: {fileID: 5325361799583986819, guid: d3848ff3e06dc0a429df70224d97d0f6,
        type: 3}
      propertyPath: m_LocalEulerAnglesHint.x
      value: 0
      objectReference: {fileID: 0}
    - target: {fileID: 5325361799583986819, guid: d3848ff3e06dc0a429df70224d97d0f6,
        type: 3}
      propertyPath: m_LocalEulerAnglesHint.y
      value: 0
      objectReference: {fileID: 0}
    - target: {fileID: 5325361799583986819, guid: d3848ff3e06dc0a429df70224d97d0f6,
        type: 3}
      propertyPath: m_LocalEulerAnglesHint.z
      value: 0
      objectReference: {fileID: 0}
    - target: {fileID: 8172303411896872204, guid: d3848ff3e06dc0a429df70224d97d0f6,
        type: 3}
      propertyPath: m_Name
      value: ItemEliteRoomPortalGroup
      objectReference: {fileID: 0}
    - target: {fileID: 8449181703157507677, guid: d3848ff3e06dc0a429df70224d97d0f6,
        type: 3}
      propertyPath: m_textInfo.characterCount
      value: 8
      objectReference: {fileID: 0}
    - target: {fileID: 8449181703157507677, guid: d3848ff3e06dc0a429df70224d97d0f6,
        type: 3}
      propertyPath: m_textInfo.spaceCount
      value: 1
      objectReference: {fileID: 0}
    - target: {fileID: 8449181703157507677, guid: d3848ff3e06dc0a429df70224d97d0f6,
        type: 3}
      propertyPath: m_textInfo.wordCount
      value: 2
      objectReference: {fileID: 0}
    - target: {fileID: 8449181703157507677, guid: d3848ff3e06dc0a429df70224d97d0f6,
        type: 3}
      propertyPath: m_textInfo.lineCount
      value: 1
      objectReference: {fileID: 0}
    - target: {fileID: 8449181703157507677, guid: d3848ff3e06dc0a429df70224d97d0f6,
        type: 3}
      propertyPath: m_textInfo.pageCount
      value: 1
      objectReference: {fileID: 0}
    - target: {fileID: 8449181703157507677, guid: d3848ff3e06dc0a429df70224d97d0f6,
        type: 3}
      propertyPath: m_textInfo.materialCount
      value: 2
      objectReference: {fileID: 0}
    - target: {fileID: 8449181703157507677, guid: d3848ff3e06dc0a429df70224d97d0f6,
        type: 3}
      propertyPath: m_TextStyleHashCode
      value: -1183493901
      objectReference: {fileID: 0}
    - target: {fileID: 8449181703157507677, guid: d3848ff3e06dc0a429df70224d97d0f6,
        type: 3}
      propertyPath: m_HorizontalAlignment
      value: 2
      objectReference: {fileID: 0}
    - target: {fileID: 8449181703157507677, guid: d3848ff3e06dc0a429df70224d97d0f6,
        type: 3}
      propertyPath: m_textAlignment
      value: 65535
      objectReference: {fileID: 0}
    - target: {fileID: 8752436555388547215, guid: d3848ff3e06dc0a429df70224d97d0f6,
        type: 3}
      propertyPath: m_LocalPosition.z
      value: 16
      objectReference: {fileID: 0}
    - target: {fileID: 8752436555388547215, guid: d3848ff3e06dc0a429df70224d97d0f6,
        type: 3}
      propertyPath: m_LocalPosition.x
      value: 0
      objectReference: {fileID: 0}
    m_RemovedComponents: []
  m_SourcePrefab: {fileID: 100100000, guid: d3848ff3e06dc0a429df70224d97d0f6, type: 3}
--- !u!4 &2399291544403260498 stripped
Transform:
  m_CorrespondingSourceObject: {fileID: 5325361799583986819, guid: d3848ff3e06dc0a429df70224d97d0f6,
    type: 3}
  m_PrefabInstance: {fileID: 7542547124951597265}
  m_PrefabAsset: {fileID: 0}
--- !u!1001 &8105620034063417076
PrefabInstance:
  m_ObjectHideFlags: 0
  serializedVersion: 2
  m_Modification:
    m_TransformParent: {fileID: 1419936251768360536}
    m_Modifications:
    - target: {fileID: 6702364799638411840, guid: d9086bfc6d113ab409f8a3db7ff12703,
        type: 3}
      propertyPath: m_Name
      value: 2x6WallGroup
      objectReference: {fileID: 0}
    - target: {fileID: 6702364799638411847, guid: d9086bfc6d113ab409f8a3db7ff12703,
        type: 3}
      propertyPath: m_LocalPosition.x
      value: -2
      objectReference: {fileID: 0}
    - target: {fileID: 6702364799638411847, guid: d9086bfc6d113ab409f8a3db7ff12703,
        type: 3}
      propertyPath: m_LocalPosition.y
      value: 0
      objectReference: {fileID: 0}
    - target: {fileID: 6702364799638411847, guid: d9086bfc6d113ab409f8a3db7ff12703,
        type: 3}
      propertyPath: m_LocalPosition.z
      value: -2
      objectReference: {fileID: 0}
    - target: {fileID: 6702364799638411847, guid: d9086bfc6d113ab409f8a3db7ff12703,
        type: 3}
      propertyPath: m_LocalRotation.x
      value: 0
      objectReference: {fileID: 0}
    - target: {fileID: 6702364799638411847, guid: d9086bfc6d113ab409f8a3db7ff12703,
        type: 3}
      propertyPath: m_LocalRotation.y
      value: 0
      objectReference: {fileID: 0}
    - target: {fileID: 6702364799638411847, guid: d9086bfc6d113ab409f8a3db7ff12703,
        type: 3}
      propertyPath: m_LocalRotation.z
      value: 0
      objectReference: {fileID: 0}
    - target: {fileID: 6702364799638411847, guid: d9086bfc6d113ab409f8a3db7ff12703,
        type: 3}
      propertyPath: m_LocalRotation.w
      value: 1
      objectReference: {fileID: 0}
    - target: {fileID: 6702364799638411847, guid: d9086bfc6d113ab409f8a3db7ff12703,
        type: 3}
      propertyPath: m_RootOrder
      value: 0
      objectReference: {fileID: 0}
    - target: {fileID: 6702364799638411847, guid: d9086bfc6d113ab409f8a3db7ff12703,
        type: 3}
      propertyPath: m_LocalEulerAnglesHint.x
      value: 0
      objectReference: {fileID: 0}
    - target: {fileID: 6702364799638411847, guid: d9086bfc6d113ab409f8a3db7ff12703,
        type: 3}
      propertyPath: m_LocalEulerAnglesHint.y
      value: 0
      objectReference: {fileID: 0}
    - target: {fileID: 6702364799638411847, guid: d9086bfc6d113ab409f8a3db7ff12703,
        type: 3}
      propertyPath: m_LocalEulerAnglesHint.z
      value: 0
      objectReference: {fileID: 0}
    m_RemovedComponents: []
  m_SourcePrefab: {fileID: 100100000, guid: d9086bfc6d113ab409f8a3db7ff12703, type: 3}
--- !u!4 &3278452578108843187 stripped
Transform:
  m_CorrespondingSourceObject: {fileID: 6702364799638411847, guid: d9086bfc6d113ab409f8a3db7ff12703,
    type: 3}
  m_PrefabInstance: {fileID: 8105620034063417076}
  m_PrefabAsset: {fileID: 0}
