%YAML 1.1
%TAG !u! tag:unity3d.com,2011:
--- !u!1 &8172303411896872204
GameObject:
  m_ObjectHideFlags: 0
  m_CorrespondingSourceObject: {fileID: 0}
  m_PrefabInstance: {fileID: 0}
  m_PrefabAsset: {fileID: 0}
  serializedVersion: 6
  m_Component:
  - component: {fileID: 5325361799583986819}
  m_Layer: 0
  m_Name: ItemEliteRoomPortalGroup
  m_TagString: Untagged
  m_Icon: {fileID: 0}
  m_NavMeshLayer: 0
  m_StaticEditorFlags: 0
  m_IsActive: 1
--- !u!4 &5325361799583986819
Transform:
  m_ObjectHideFlags: 0
  m_CorrespondingSourceObject: {fileID: 0}
  m_PrefabInstance: {fileID: 0}
  m_PrefabAsset: {fileID: 0}
  m_GameObject: {fileID: 8172303411896872204}
  m_LocalRotation: {x: 0, y: 0, z: 0, w: 1}
  m_LocalPosition: {x: 0, y: 0, z: 0}
  m_LocalScale: {x: 1, y: 1, z: 1}
  m_Children:
  - {fileID: 8752436555388547215}
  - {fileID: 2545838391210071451}
  - {fileID: 675249301354331908}
  m_Father: {fileID: 0}
  m_RootOrder: 0
  m_LocalEulerAnglesHint: {x: 0, y: 0, z: 0}
--- !u!1001 &1194264507151106994
PrefabInstance:
  m_ObjectHideFlags: 0
  serializedVersion: 2
  m_Modification:
    m_TransformParent: {fileID: 5325361799583986819}
    m_Modifications:
    - target: {fileID: 2533716796373300474, guid: bc09d30f1e318814c8ff755e815e8aee,
        type: 3}
      propertyPath: m_textInfo.characterCount
      value: 4
      objectReference: {fileID: 0}
    - target: {fileID: 2533716796373300474, guid: bc09d30f1e318814c8ff755e815e8aee,
        type: 3}
      propertyPath: m_textInfo.wordCount
      value: 1
      objectReference: {fileID: 0}
    - target: {fileID: 2533716796373300474, guid: bc09d30f1e318814c8ff755e815e8aee,
        type: 3}
      propertyPath: m_textInfo.lineCount
      value: 1
      objectReference: {fileID: 0}
    - target: {fileID: 2533716796373300474, guid: bc09d30f1e318814c8ff755e815e8aee,
        type: 3}
      propertyPath: m_textInfo.pageCount
      value: 1
      objectReference: {fileID: 0}
    - target: {fileID: 5910981924923566561, guid: bc09d30f1e318814c8ff755e815e8aee,
        type: 3}
      propertyPath: m_Name
      value: LeftPortalMom
      objectReference: {fileID: 0}
    - target: {fileID: 7630231989627040573, guid: bc09d30f1e318814c8ff755e815e8aee,
        type: 3}
      propertyPath: m_LocalPosition.x
      value: 0
      objectReference: {fileID: 0}
    - target: {fileID: 7630231989627040573, guid: bc09d30f1e318814c8ff755e815e8aee,
        type: 3}
      propertyPath: m_LocalPosition.y
      value: 0
      objectReference: {fileID: 0}
    - target: {fileID: 7630231989627040573, guid: bc09d30f1e318814c8ff755e815e8aee,
        type: 3}
      propertyPath: m_LocalPosition.z
      value: 16
      objectReference: {fileID: 0}
    - target: {fileID: 7630231989627040573, guid: bc09d30f1e318814c8ff755e815e8aee,
        type: 3}
      propertyPath: m_LocalRotation.x
      value: 1
      objectReference: {fileID: 0}
    - target: {fileID: 7630231989627040573, guid: bc09d30f1e318814c8ff755e815e8aee,
        type: 3}
      propertyPath: m_LocalRotation.y
      value: 0
      objectReference: {fileID: 0}
    - target: {fileID: 7630231989627040573, guid: bc09d30f1e318814c8ff755e815e8aee,
        type: 3}
      propertyPath: m_LocalRotation.z
      value: 0
      objectReference: {fileID: 0}
    - target: {fileID: 7630231989627040573, guid: bc09d30f1e318814c8ff755e815e8aee,
        type: 3}
      propertyPath: m_LocalRotation.w
      value: 0
      objectReference: {fileID: 0}
    - target: {fileID: 7630231989627040573, guid: bc09d30f1e318814c8ff755e815e8aee,
        type: 3}
      propertyPath: m_RootOrder
      value: 0
      objectReference: {fileID: 0}
    - target: {fileID: 7630231989627040573, guid: bc09d30f1e318814c8ff755e815e8aee,
        type: 3}
      propertyPath: m_LocalEulerAnglesHint.x
      value: 180
      objectReference: {fileID: 0}
    - target: {fileID: 7630231989627040573, guid: bc09d30f1e318814c8ff755e815e8aee,
        type: 3}
      propertyPath: m_LocalEulerAnglesHint.y
      value: 0
      objectReference: {fileID: 0}
    - target: {fileID: 7630231989627040573, guid: bc09d30f1e318814c8ff755e815e8aee,
        type: 3}
      propertyPath: m_LocalEulerAnglesHint.z
      value: 0
      objectReference: {fileID: 0}
    m_RemovedComponents: []
  m_SourcePrefab: {fileID: 100100000, guid: bc09d30f1e318814c8ff755e815e8aee, type: 3}
--- !u!4 &8752436555388547215 stripped
Transform:
  m_CorrespondingSourceObject: {fileID: 7630231989627040573, guid: bc09d30f1e318814c8ff755e815e8aee,
    type: 3}
  m_PrefabInstance: {fileID: 1194264507151106994}
  m_PrefabAsset: {fileID: 0}
--- !u!1001 &1750744971015304981
PrefabInstance:
  m_ObjectHideFlags: 0
  serializedVersion: 2
  m_Modification:
    m_TransformParent: {fileID: 5325361799583986819}
    m_Modifications:
    - target: {fileID: 68476408721291346, guid: 378971cc58838a645a31f42f754959e5,
        type: 3}
      propertyPath: m_Name
      value: PortalMom
      objectReference: {fileID: 0}
    - target: {fileID: 2917140737174964424, guid: 378971cc58838a645a31f42f754959e5,
        type: 3}
      propertyPath: m_textInfo.characterCount
      value: 8
      objectReference: {fileID: 0}
    - target: {fileID: 2917140737174964424, guid: 378971cc58838a645a31f42f754959e5,
        type: 3}
      propertyPath: m_textInfo.spaceCount
      value: 1
      objectReference: {fileID: 0}
    - target: {fileID: 2917140737174964424, guid: 378971cc58838a645a31f42f754959e5,
        type: 3}
      propertyPath: m_textInfo.wordCount
      value: 2
      objectReference: {fileID: 0}
    - target: {fileID: 2917140737174964424, guid: 378971cc58838a645a31f42f754959e5,
        type: 3}
      propertyPath: m_textInfo.lineCount
      value: 1
      objectReference: {fileID: 0}
    - target: {fileID: 2917140737174964424, guid: 378971cc58838a645a31f42f754959e5,
        type: 3}
      propertyPath: m_textInfo.pageCount
      value: 1
      objectReference: {fileID: 0}
    - target: {fileID: 2917140737174964424, guid: 378971cc58838a645a31f42f754959e5,
        type: 3}
      propertyPath: m_textInfo.materialCount
      value: 2
      objectReference: {fileID: 0}
    - target: {fileID: 4260202667743896206, guid: 378971cc58838a645a31f42f754959e5,
        type: 3}
      propertyPath: m_LocalPosition.x
      value: 8
      objectReference: {fileID: 0}
    - target: {fileID: 4260202667743896206, guid: 378971cc58838a645a31f42f754959e5,
        type: 3}
      propertyPath: m_LocalPosition.y
      value: 0
      objectReference: {fileID: 0}
    - target: {fileID: 4260202667743896206, guid: 378971cc58838a645a31f42f754959e5,
        type: 3}
      propertyPath: m_LocalPosition.z
      value: 16
      objectReference: {fileID: 0}
    - target: {fileID: 4260202667743896206, guid: 378971cc58838a645a31f42f754959e5,
        type: 3}
      propertyPath: m_LocalRotation.x
      value: 1
      objectReference: {fileID: 0}
    - target: {fileID: 4260202667743896206, guid: 378971cc58838a645a31f42f754959e5,
        type: 3}
      propertyPath: m_LocalRotation.y
      value: 0
      objectReference: {fileID: 0}
    - target: {fileID: 4260202667743896206, guid: 378971cc58838a645a31f42f754959e5,
        type: 3}
      propertyPath: m_LocalRotation.z
      value: 0
      objectReference: {fileID: 0}
    - target: {fileID: 4260202667743896206, guid: 378971cc58838a645a31f42f754959e5,
        type: 3}
      propertyPath: m_LocalRotation.w
      value: 0
      objectReference: {fileID: 0}
    - target: {fileID: 4260202667743896206, guid: 378971cc58838a645a31f42f754959e5,
        type: 3}
      propertyPath: m_RootOrder
      value: 1
      objectReference: {fileID: 0}
    - target: {fileID: 4260202667743896206, guid: 378971cc58838a645a31f42f754959e5,
        type: 3}
      propertyPath: m_LocalEulerAnglesHint.x
      value: 180
      objectReference: {fileID: 0}
    - target: {fileID: 4260202667743896206, guid: 378971cc58838a645a31f42f754959e5,
        type: 3}
      propertyPath: m_LocalEulerAnglesHint.y
      value: 0
      objectReference: {fileID: 0}
    - target: {fileID: 4260202667743896206, guid: 378971cc58838a645a31f42f754959e5,
        type: 3}
      propertyPath: m_LocalEulerAnglesHint.z
      value: 0
      objectReference: {fileID: 0}
    m_RemovedComponents: []
  m_SourcePrefab: {fileID: 100100000, guid: 378971cc58838a645a31f42f754959e5, type: 3}
--- !u!4 &2545838391210071451 stripped
Transform:
  m_CorrespondingSourceObject: {fileID: 4260202667743896206, guid: 378971cc58838a645a31f42f754959e5,
    type: 3}
  m_PrefabInstance: {fileID: 1750744971015304981}
  m_PrefabAsset: {fileID: 0}
--- !u!1001 &5334932699525316484
PrefabInstance:
  m_ObjectHideFlags: 0
  serializedVersion: 2
  m_Modification:
    m_TransformParent: {fileID: 5325361799583986819}
    m_Modifications:
    - target: {fileID: 4560168366961891801, guid: aec0ea14fe801684e8dd4041ba7cac02,
        type: 3}
      propertyPath: m_textInfo.characterCount
      value: 8
      objectReference: {fileID: 0}
    - target: {fileID: 4560168366961891801, guid: aec0ea14fe801684e8dd4041ba7cac02,
        type: 3}
      propertyPath: m_textInfo.spaceCount
      value: 1
      objectReference: {fileID: 0}
    - target: {fileID: 4560168366961891801, guid: aec0ea14fe801684e8dd4041ba7cac02,
        type: 3}
      propertyPath: m_textInfo.wordCount
      value: 2
      objectReference: {fileID: 0}
    - target: {fileID: 4560168366961891801, guid: aec0ea14fe801684e8dd4041ba7cac02,
        type: 3}
      propertyPath: m_textInfo.lineCount
      value: 1
      objectReference: {fileID: 0}
    - target: {fileID: 4560168366961891801, guid: aec0ea14fe801684e8dd4041ba7cac02,
        type: 3}
      propertyPath: m_textInfo.pageCount
      value: 1
      objectReference: {fileID: 0}
    - target: {fileID: 4560168366961891801, guid: aec0ea14fe801684e8dd4041ba7cac02,
        type: 3}
      propertyPath: m_textInfo.materialCount
      value: 2
      objectReference: {fileID: 0}
    - target: {fileID: 4852499608575426688, guid: aec0ea14fe801684e8dd4041ba7cac02,
        type: 3}
      propertyPath: m_LocalPosition.x
      value: 16
      objectReference: {fileID: 0}
    - target: {fileID: 4852499608575426688, guid: aec0ea14fe801684e8dd4041ba7cac02,
        type: 3}
      propertyPath: m_LocalPosition.y
      value: 0
      objectReference: {fileID: 0}
    - target: {fileID: 4852499608575426688, guid: aec0ea14fe801684e8dd4041ba7cac02,
        type: 3}
      propertyPath: m_LocalPosition.z
      value: 16
      objectReference: {fileID: 0}
    - target: {fileID: 4852499608575426688, guid: aec0ea14fe801684e8dd4041ba7cac02,
        type: 3}
      propertyPath: m_LocalRotation.x
      value: 1
      objectReference: {fileID: 0}
    - target: {fileID: 4852499608575426688, guid: aec0ea14fe801684e8dd4041ba7cac02,
        type: 3}
      propertyPath: m_LocalRotation.y
      value: 0
      objectReference: {fileID: 0}
    - target: {fileID: 4852499608575426688, guid: aec0ea14fe801684e8dd4041ba7cac02,
        type: 3}
      propertyPath: m_LocalRotation.z
      value: 0
      objectReference: {fileID: 0}
    - target: {fileID: 4852499608575426688, guid: aec0ea14fe801684e8dd4041ba7cac02,
        type: 3}
      propertyPath: m_LocalRotation.w
      value: 0
      objectReference: {fileID: 0}
    - target: {fileID: 4852499608575426688, guid: aec0ea14fe801684e8dd4041ba7cac02,
        type: 3}
      propertyPath: m_RootOrder
      value: 2
      objectReference: {fileID: 0}
    - target: {fileID: 4852499608575426688, guid: aec0ea14fe801684e8dd4041ba7cac02,
        type: 3}
      propertyPath: m_LocalEulerAnglesHint.x
      value: 180
      objectReference: {fileID: 0}
    - target: {fileID: 4852499608575426688, guid: aec0ea14fe801684e8dd4041ba7cac02,
        type: 3}
      propertyPath: m_LocalEulerAnglesHint.y
      value: 0
      objectReference: {fileID: 0}
    - target: {fileID: 4852499608575426688, guid: aec0ea14fe801684e8dd4041ba7cac02,
        type: 3}
      propertyPath: m_LocalEulerAnglesHint.z
      value: 0
      objectReference: {fileID: 0}
    - target: {fileID: 8699700488586926684, guid: aec0ea14fe801684e8dd4041ba7cac02,
        type: 3}
      propertyPath: m_Name
      value: RightPortalMom
      objectReference: {fileID: 0}
    m_RemovedComponents: []
  m_SourcePrefab: {fileID: 100100000, guid: aec0ea14fe801684e8dd4041ba7cac02, type: 3}
--- !u!4 &675249301354331908 stripped
Transform:
  m_CorrespondingSourceObject: {fileID: 4852499608575426688, guid: aec0ea14fe801684e8dd4041ba7cac02,
    type: 3}
  m_PrefabInstance: {fileID: 5334932699525316484}
  m_PrefabAsset: {fileID: 0}
