%YAML 1.1
%TAG !u! tag:unity3d.com,2011:
--- !u!1 &7056464682364271203
GameObject:
  m_ObjectHideFlags: 0
  m_CorrespondingSourceObject: {fileID: 0}
  m_PrefabInstance: {fileID: 0}
  m_PrefabAsset: {fileID: 0}
  serializedVersion: 6
  m_Component:
  - component: {fileID: 2818681865173648209}
  m_Layer: 0
  m_Name: 6x6NormalRoomTileGroup
  m_TagString: Untagged
  m_Icon: {fileID: 0}
  m_NavMeshLayer: 0
  m_StaticEditorFlags: 0
  m_IsActive: 1
--- !u!4 &2818681865173648209
Transform:
  m_ObjectHideFlags: 0
  m_CorrespondingSourceObject: {fileID: 0}
  m_PrefabInstance: {fileID: 0}
  m_PrefabAsset: {fileID: 0}
  m_GameObject: {fileID: 7056464682364271203}
  m_LocalRotation: {x: 0, y: 0, z: 0, w: 1}
  m_LocalPosition: {x: 0, y: 0, z: 0}
  m_LocalScale: {x: 1, y: 1, z: 1}
  m_Children:
  - {fileID: 1958826786722777467}
  - {fileID: 5856291106499143785}
  - {fileID: 5412293678443567773}
  - {fileID: 3113908598714889002}
  - {fileID: 8956331122795405309}
  - {fileID: 2482053852334001302}
  m_Father: {fileID: 0}
  m_RootOrder: 0
  m_LocalEulerAnglesHint: {x: 0, y: 0, z: 0}
--- !u!1001 &1547527048948891141
PrefabInstance:
  m_ObjectHideFlags: 0
  serializedVersion: 2
  m_Modification:
    m_TransformParent: {fileID: 2818681865173648209}
    m_Modifications:
    - target: {fileID: 7580310320289604088, guid: ca1ff76a4084fa34db8cefafeff9e254,
        type: 3}
      propertyPath: m_LocalPosition.x
      value: 16
      objectReference: {fileID: 0}
    - target: {fileID: 7580310320289604088, guid: ca1ff76a4084fa34db8cefafeff9e254,
        type: 3}
      propertyPath: m_LocalPosition.y
      value: 0
      objectReference: {fileID: 0}
    - target: {fileID: 7580310320289604088, guid: ca1ff76a4084fa34db8cefafeff9e254,
        type: 3}
      propertyPath: m_LocalPosition.z
      value: 0
      objectReference: {fileID: 0}
    - target: {fileID: 7580310320289604088, guid: ca1ff76a4084fa34db8cefafeff9e254,
        type: 3}
      propertyPath: m_LocalRotation.x
      value: 0
      objectReference: {fileID: 0}
    - target: {fileID: 7580310320289604088, guid: ca1ff76a4084fa34db8cefafeff9e254,
        type: 3}
      propertyPath: m_LocalRotation.y
      value: 0
      objectReference: {fileID: 0}
    - target: {fileID: 7580310320289604088, guid: ca1ff76a4084fa34db8cefafeff9e254,
        type: 3}
      propertyPath: m_LocalRotation.z
      value: 0
      objectReference: {fileID: 0}
    - target: {fileID: 7580310320289604088, guid: ca1ff76a4084fa34db8cefafeff9e254,
        type: 3}
      propertyPath: m_LocalRotation.w
      value: 1
      objectReference: {fileID: 0}
    - target: {fileID: 7580310320289604088, guid: ca1ff76a4084fa34db8cefafeff9e254,
        type: 3}
      propertyPath: m_RootOrder
      value: 4
      objectReference: {fileID: 0}
    - target: {fileID: 7580310320289604088, guid: ca1ff76a4084fa34db8cefafeff9e254,
        type: 3}
      propertyPath: m_LocalEulerAnglesHint.x
      value: 0
      objectReference: {fileID: 0}
    - target: {fileID: 7580310320289604088, guid: ca1ff76a4084fa34db8cefafeff9e254,
        type: 3}
      propertyPath: m_LocalEulerAnglesHint.y
      value: 0
      objectReference: {fileID: 0}
    - target: {fileID: 7580310320289604088, guid: ca1ff76a4084fa34db8cefafeff9e254,
        type: 3}
      propertyPath: m_LocalEulerAnglesHint.z
      value: 0
      objectReference: {fileID: 0}
    - target: {fileID: 7580310320289604089, guid: ca1ff76a4084fa34db8cefafeff9e254,
        type: 3}
      propertyPath: m_Name
      value: 2x2NormalRoomTileGroup (4)
      objectReference: {fileID: 0}
    m_RemovedComponents: []
  m_SourcePrefab: {fileID: 100100000, guid: ca1ff76a4084fa34db8cefafeff9e254, type: 3}
--- !u!4 &8956331122795405309 stripped
Transform:
  m_CorrespondingSourceObject: {fileID: 7580310320289604088, guid: ca1ff76a4084fa34db8cefafeff9e254,
    type: 3}
  m_PrefabInstance: {fileID: 1547527048948891141}
  m_PrefabAsset: {fileID: 0}
--- !u!1001 &2232135020292121170
PrefabInstance:
  m_ObjectHideFlags: 0
  serializedVersion: 2
  m_Modification:
    m_TransformParent: {fileID: 2818681865173648209}
    m_Modifications:
    - target: {fileID: 4361776016863702724, guid: 751fd4acbd3841444bc2c4cc604e70fb,
        type: 3}
      propertyPath: m_LocalPosition.x
      value: 0
      objectReference: {fileID: 0}
    - target: {fileID: 4361776016863702724, guid: 751fd4acbd3841444bc2c4cc604e70fb,
        type: 3}
      propertyPath: m_LocalPosition.y
      value: 0
      objectReference: {fileID: 0}
    - target: {fileID: 4361776016863702724, guid: 751fd4acbd3841444bc2c4cc604e70fb,
        type: 3}
      propertyPath: m_LocalPosition.z
      value: 0
      objectReference: {fileID: 0}
    - target: {fileID: 4361776016863702724, guid: 751fd4acbd3841444bc2c4cc604e70fb,
        type: 3}
      propertyPath: m_LocalRotation.x
      value: 0
      objectReference: {fileID: 0}
    - target: {fileID: 4361776016863702724, guid: 751fd4acbd3841444bc2c4cc604e70fb,
        type: 3}
      propertyPath: m_LocalRotation.y
      value: 0
      objectReference: {fileID: 0}
    - target: {fileID: 4361776016863702724, guid: 751fd4acbd3841444bc2c4cc604e70fb,
        type: 3}
      propertyPath: m_LocalRotation.z
      value: 0
      objectReference: {fileID: 0}
    - target: {fileID: 4361776016863702724, guid: 751fd4acbd3841444bc2c4cc604e70fb,
        type: 3}
      propertyPath: m_LocalRotation.w
      value: 1
      objectReference: {fileID: 0}
    - target: {fileID: 4361776016863702724, guid: 751fd4acbd3841444bc2c4cc604e70fb,
        type: 3}
      propertyPath: m_RootOrder
      value: 5
      objectReference: {fileID: 0}
    - target: {fileID: 4361776016863702724, guid: 751fd4acbd3841444bc2c4cc604e70fb,
        type: 3}
      propertyPath: m_LocalEulerAnglesHint.x
      value: 0
      objectReference: {fileID: 0}
    - target: {fileID: 4361776016863702724, guid: 751fd4acbd3841444bc2c4cc604e70fb,
        type: 3}
      propertyPath: m_LocalEulerAnglesHint.y
      value: 0
      objectReference: {fileID: 0}
    - target: {fileID: 4361776016863702724, guid: 751fd4acbd3841444bc2c4cc604e70fb,
        type: 3}
      propertyPath: m_LocalEulerAnglesHint.z
      value: 0
      objectReference: {fileID: 0}
    - target: {fileID: 6560294498724855808, guid: 751fd4acbd3841444bc2c4cc604e70fb,
        type: 3}
      propertyPath: m_Name
      value: 4x4NormalRoomTileGroup
      objectReference: {fileID: 0}
    m_RemovedComponents: []
  m_SourcePrefab: {fileID: 100100000, guid: 751fd4acbd3841444bc2c4cc604e70fb, type: 3}
--- !u!4 &2482053852334001302 stripped
Transform:
  m_CorrespondingSourceObject: {fileID: 4361776016863702724, guid: 751fd4acbd3841444bc2c4cc604e70fb,
    type: 3}
  m_PrefabInstance: {fileID: 2232135020292121170}
  m_PrefabAsset: {fileID: 0}
--- !u!1001 &2463179267134880613
PrefabInstance:
  m_ObjectHideFlags: 0
  serializedVersion: 2
  m_Modification:
    m_TransformParent: {fileID: 2818681865173648209}
    m_Modifications:
    - target: {fileID: 7580310320289604088, guid: ca1ff76a4084fa34db8cefafeff9e254,
        type: 3}
      propertyPath: m_LocalPosition.x
      value: 16
      objectReference: {fileID: 0}
    - target: {fileID: 7580310320289604088, guid: ca1ff76a4084fa34db8cefafeff9e254,
        type: 3}
      propertyPath: m_LocalPosition.y
      value: 0
      objectReference: {fileID: 0}
    - target: {fileID: 7580310320289604088, guid: ca1ff76a4084fa34db8cefafeff9e254,
        type: 3}
      propertyPath: m_LocalPosition.z
      value: 8
      objectReference: {fileID: 0}
    - target: {fileID: 7580310320289604088, guid: ca1ff76a4084fa34db8cefafeff9e254,
        type: 3}
      propertyPath: m_LocalRotation.x
      value: 0
      objectReference: {fileID: 0}
    - target: {fileID: 7580310320289604088, guid: ca1ff76a4084fa34db8cefafeff9e254,
        type: 3}
      propertyPath: m_LocalRotation.y
      value: 0
      objectReference: {fileID: 0}
    - target: {fileID: 7580310320289604088, guid: ca1ff76a4084fa34db8cefafeff9e254,
        type: 3}
      propertyPath: m_LocalRotation.z
      value: 0
      objectReference: {fileID: 0}
    - target: {fileID: 7580310320289604088, guid: ca1ff76a4084fa34db8cefafeff9e254,
        type: 3}
      propertyPath: m_LocalRotation.w
      value: 1
      objectReference: {fileID: 0}
    - target: {fileID: 7580310320289604088, guid: ca1ff76a4084fa34db8cefafeff9e254,
        type: 3}
      propertyPath: m_RootOrder
      value: 2
      objectReference: {fileID: 0}
    - target: {fileID: 7580310320289604088, guid: ca1ff76a4084fa34db8cefafeff9e254,
        type: 3}
      propertyPath: m_LocalEulerAnglesHint.x
      value: 0
      objectReference: {fileID: 0}
    - target: {fileID: 7580310320289604088, guid: ca1ff76a4084fa34db8cefafeff9e254,
        type: 3}
      propertyPath: m_LocalEulerAnglesHint.y
      value: 0
      objectReference: {fileID: 0}
    - target: {fileID: 7580310320289604088, guid: ca1ff76a4084fa34db8cefafeff9e254,
        type: 3}
      propertyPath: m_LocalEulerAnglesHint.z
      value: 0
      objectReference: {fileID: 0}
    - target: {fileID: 7580310320289604089, guid: ca1ff76a4084fa34db8cefafeff9e254,
        type: 3}
      propertyPath: m_Name
      value: 2x2NormalRoomTileGroup (2)
      objectReference: {fileID: 0}
    m_RemovedComponents: []
  m_SourcePrefab: {fileID: 100100000, guid: ca1ff76a4084fa34db8cefafeff9e254, type: 3}
--- !u!4 &5412293678443567773 stripped
Transform:
  m_CorrespondingSourceObject: {fileID: 7580310320289604088, guid: ca1ff76a4084fa34db8cefafeff9e254,
    type: 3}
  m_PrefabInstance: {fileID: 2463179267134880613}
  m_PrefabAsset: {fileID: 0}
--- !u!1001 &4068744604889893265
PrefabInstance:
  m_ObjectHideFlags: 0
  serializedVersion: 2
  m_Modification:
    m_TransformParent: {fileID: 2818681865173648209}
    m_Modifications:
    - target: {fileID: 7580310320289604088, guid: ca1ff76a4084fa34db8cefafeff9e254,
        type: 3}
      propertyPath: m_LocalPosition.x
      value: 8
      objectReference: {fileID: 0}
    - target: {fileID: 7580310320289604088, guid: ca1ff76a4084fa34db8cefafeff9e254,
        type: 3}
      propertyPath: m_LocalPosition.y
      value: 0
      objectReference: {fileID: 0}
    - target: {fileID: 7580310320289604088, guid: ca1ff76a4084fa34db8cefafeff9e254,
        type: 3}
      propertyPath: m_LocalPosition.z
      value: -8
      objectReference: {fileID: 0}
    - target: {fileID: 7580310320289604088, guid: ca1ff76a4084fa34db8cefafeff9e254,
        type: 3}
      propertyPath: m_LocalRotation.x
      value: 0
      objectReference: {fileID: 0}
    - target: {fileID: 7580310320289604088, guid: ca1ff76a4084fa34db8cefafeff9e254,
        type: 3}
      propertyPath: m_LocalRotation.y
      value: 0
      objectReference: {fileID: 0}
    - target: {fileID: 7580310320289604088, guid: ca1ff76a4084fa34db8cefafeff9e254,
        type: 3}
      propertyPath: m_LocalRotation.z
      value: 0
      objectReference: {fileID: 0}
    - target: {fileID: 7580310320289604088, guid: ca1ff76a4084fa34db8cefafeff9e254,
        type: 3}
      propertyPath: m_LocalRotation.w
      value: 1
      objectReference: {fileID: 0}
    - target: {fileID: 7580310320289604088, guid: ca1ff76a4084fa34db8cefafeff9e254,
        type: 3}
      propertyPath: m_RootOrder
      value: 1
      objectReference: {fileID: 0}
    - target: {fileID: 7580310320289604088, guid: ca1ff76a4084fa34db8cefafeff9e254,
        type: 3}
      propertyPath: m_LocalEulerAnglesHint.x
      value: 0
      objectReference: {fileID: 0}
    - target: {fileID: 7580310320289604088, guid: ca1ff76a4084fa34db8cefafeff9e254,
        type: 3}
      propertyPath: m_LocalEulerAnglesHint.y
      value: 0
      objectReference: {fileID: 0}
    - target: {fileID: 7580310320289604088, guid: ca1ff76a4084fa34db8cefafeff9e254,
        type: 3}
      propertyPath: m_LocalEulerAnglesHint.z
      value: 0
      objectReference: {fileID: 0}
    - target: {fileID: 7580310320289604089, guid: ca1ff76a4084fa34db8cefafeff9e254,
        type: 3}
      propertyPath: m_Name
      value: 2x2NormalRoomTileGroup (1)
      objectReference: {fileID: 0}
    m_RemovedComponents: []
  m_SourcePrefab: {fileID: 100100000, guid: ca1ff76a4084fa34db8cefafeff9e254, type: 3}
--- !u!4 &5856291106499143785 stripped
Transform:
  m_CorrespondingSourceObject: {fileID: 7580310320289604088, guid: ca1ff76a4084fa34db8cefafeff9e254,
    type: 3}
  m_PrefabInstance: {fileID: 4068744604889893265}
  m_PrefabAsset: {fileID: 0}
--- !u!1001 &4757067077942612690
PrefabInstance:
  m_ObjectHideFlags: 0
  serializedVersion: 2
  m_Modification:
    m_TransformParent: {fileID: 2818681865173648209}
    m_Modifications:
    - target: {fileID: 7580310320289604088, guid: ca1ff76a4084fa34db8cefafeff9e254,
        type: 3}
      propertyPath: m_LocalPosition.x
      value: 16
      objectReference: {fileID: 0}
    - target: {fileID: 7580310320289604088, guid: ca1ff76a4084fa34db8cefafeff9e254,
        type: 3}
      propertyPath: m_LocalPosition.y
      value: 0
      objectReference: {fileID: 0}
    - target: {fileID: 7580310320289604088, guid: ca1ff76a4084fa34db8cefafeff9e254,
        type: 3}
      propertyPath: m_LocalPosition.z
      value: -8
      objectReference: {fileID: 0}
    - target: {fileID: 7580310320289604088, guid: ca1ff76a4084fa34db8cefafeff9e254,
        type: 3}
      propertyPath: m_LocalRotation.x
      value: 0
      objectReference: {fileID: 0}
    - target: {fileID: 7580310320289604088, guid: ca1ff76a4084fa34db8cefafeff9e254,
        type: 3}
      propertyPath: m_LocalRotation.y
      value: 0
      objectReference: {fileID: 0}
    - target: {fileID: 7580310320289604088, guid: ca1ff76a4084fa34db8cefafeff9e254,
        type: 3}
      propertyPath: m_LocalRotation.z
      value: 0
      objectReference: {fileID: 0}
    - target: {fileID: 7580310320289604088, guid: ca1ff76a4084fa34db8cefafeff9e254,
        type: 3}
      propertyPath: m_LocalRotation.w
      value: 1
      objectReference: {fileID: 0}
    - target: {fileID: 7580310320289604088, guid: ca1ff76a4084fa34db8cefafeff9e254,
        type: 3}
      propertyPath: m_RootOrder
      value: 3
      objectReference: {fileID: 0}
    - target: {fileID: 7580310320289604088, guid: ca1ff76a4084fa34db8cefafeff9e254,
        type: 3}
      propertyPath: m_LocalEulerAnglesHint.x
      value: 0
      objectReference: {fileID: 0}
    - target: {fileID: 7580310320289604088, guid: ca1ff76a4084fa34db8cefafeff9e254,
        type: 3}
      propertyPath: m_LocalEulerAnglesHint.y
      value: 0
      objectReference: {fileID: 0}
    - target: {fileID: 7580310320289604088, guid: ca1ff76a4084fa34db8cefafeff9e254,
        type: 3}
      propertyPath: m_LocalEulerAnglesHint.z
      value: 0
      objectReference: {fileID: 0}
    - target: {fileID: 7580310320289604089, guid: ca1ff76a4084fa34db8cefafeff9e254,
        type: 3}
      propertyPath: m_Name
      value: 2x2NormalRoomTileGroup (3)
      objectReference: {fileID: 0}
    m_RemovedComponents: []
  m_SourcePrefab: {fileID: 100100000, guid: ca1ff76a4084fa34db8cefafeff9e254, type: 3}
--- !u!4 &3113908598714889002 stripped
Transform:
  m_CorrespondingSourceObject: {fileID: 7580310320289604088, guid: ca1ff76a4084fa34db8cefafeff9e254,
    type: 3}
  m_PrefabInstance: {fileID: 4757067077942612690}
  m_PrefabAsset: {fileID: 0}
--- !u!1001 &8222880809073731715
PrefabInstance:
  m_ObjectHideFlags: 0
  serializedVersion: 2
  m_Modification:
    m_TransformParent: {fileID: 2818681865173648209}
    m_Modifications:
    - target: {fileID: 7580310320289604088, guid: ca1ff76a4084fa34db8cefafeff9e254,
        type: 3}
      propertyPath: m_LocalPosition.x
      value: 0
      objectReference: {fileID: 0}
    - target: {fileID: 7580310320289604088, guid: ca1ff76a4084fa34db8cefafeff9e254,
        type: 3}
      propertyPath: m_LocalPosition.y
      value: 0
      objectReference: {fileID: 0}
    - target: {fileID: 7580310320289604088, guid: ca1ff76a4084fa34db8cefafeff9e254,
        type: 3}
      propertyPath: m_LocalPosition.z
      value: -8
      objectReference: {fileID: 0}
    - target: {fileID: 7580310320289604088, guid: ca1ff76a4084fa34db8cefafeff9e254,
        type: 3}
      propertyPath: m_LocalRotation.x
      value: 0
      objectReference: {fileID: 0}
    - target: {fileID: 7580310320289604088, guid: ca1ff76a4084fa34db8cefafeff9e254,
        type: 3}
      propertyPath: m_LocalRotation.y
      value: 0
      objectReference: {fileID: 0}
    - target: {fileID: 7580310320289604088, guid: ca1ff76a4084fa34db8cefafeff9e254,
        type: 3}
      propertyPath: m_LocalRotation.z
      value: 0
      objectReference: {fileID: 0}
    - target: {fileID: 7580310320289604088, guid: ca1ff76a4084fa34db8cefafeff9e254,
        type: 3}
      propertyPath: m_LocalRotation.w
      value: 1
      objectReference: {fileID: 0}
    - target: {fileID: 7580310320289604088, guid: ca1ff76a4084fa34db8cefafeff9e254,
        type: 3}
      propertyPath: m_RootOrder
      value: 0
      objectReference: {fileID: 0}
    - target: {fileID: 7580310320289604088, guid: ca1ff76a4084fa34db8cefafeff9e254,
        type: 3}
      propertyPath: m_LocalEulerAnglesHint.x
      value: 0
      objectReference: {fileID: 0}
    - target: {fileID: 7580310320289604088, guid: ca1ff76a4084fa34db8cefafeff9e254,
        type: 3}
      propertyPath: m_LocalEulerAnglesHint.y
      value: 0
      objectReference: {fileID: 0}
    - target: {fileID: 7580310320289604088, guid: ca1ff76a4084fa34db8cefafeff9e254,
        type: 3}
      propertyPath: m_LocalEulerAnglesHint.z
      value: 0
      objectReference: {fileID: 0}
    - target: {fileID: 7580310320289604089, guid: ca1ff76a4084fa34db8cefafeff9e254,
        type: 3}
      propertyPath: m_Name
      value: 2x2NormalRoomTileGroup
      objectReference: {fileID: 0}
    m_RemovedComponents: []
  m_SourcePrefab: {fileID: 100100000, guid: ca1ff76a4084fa34db8cefafeff9e254, type: 3}
--- !u!4 &1958826786722777467 stripped
Transform:
  m_CorrespondingSourceObject: {fileID: 7580310320289604088, guid: ca1ff76a4084fa34db8cefafeff9e254,
    type: 3}
  m_PrefabInstance: {fileID: 8222880809073731715}
  m_PrefabAsset: {fileID: 0}
