%YAML 1.1
%TAG !u! tag:unity3d.com,2011:
--- !u!1 &6560294498724855808
GameObject:
  m_ObjectHideFlags: 0
  m_CorrespondingSourceObject: {fileID: 0}
  m_PrefabInstance: {fileID: 0}
  m_PrefabAsset: {fileID: 0}
  serializedVersion: 6
  m_Component:
  - component: {fileID: 4361776016863702724}
  m_Layer: 0
  m_Name: NormalRoomFloor
  m_TagString: Untagged
  m_Icon: {fileID: 0}
  m_NavMeshLayer: 0
  m_StaticEditorFlags: 0
  m_IsActive: 1
--- !u!4 &4361776016863702724
Transform:
  m_ObjectHideFlags: 0
  m_CorrespondingSourceObject: {fileID: 0}
  m_PrefabInstance: {fileID: 0}
  m_PrefabAsset: {fileID: 0}
  m_GameObject: {fileID: 6560294498724855808}
  m_LocalRotation: {x: 0, y: 0, z: 0, w: 1}
  m_LocalPosition: {x: 0, y: 0, z: 0}
  m_LocalScale: {x: 1, y: 1, z: 1}
  m_Children:
  - {fileID: 2005542265907458234}
  - {fileID: 4475409980951802315}
  - {fileID: 6229251200260645146}
  - {fileID: 7518701270098531788}
  - {fileID: 8667469714944197726}
  - {fileID: 5867432572013449846}
  - {fileID: 2162991365619053753}
  - {fileID: 1013645245636170380}
  - {fileID: 6104478694180736096}
  - {fileID: 2093040934752971215}
  - {fileID: 4944929265420791557}
  - {fileID: 8791477295826616191}
  - {fileID: 120592219968935392}
  - {fileID: 1410508719733829386}
  - {fileID: 6370314733658351267}
  - {fileID: 4020762291819545277}
  m_Father: {fileID: 0}
  m_RootOrder: 0
  m_LocalEulerAnglesHint: {x: 0, y: 0, z: 0}
--- !u!1001 &212738058205416657
PrefabInstance:
  m_ObjectHideFlags: 0
  serializedVersion: 2
  m_Modification:
    m_TransformParent: {fileID: 4361776016863702724}
    m_Modifications:
    - target: {fileID: 6526889437101127250, guid: d6d7817a8ce5ac44a8c49461a6f3a2e4,
        type: 3}
      propertyPath: m_Name
      value: NormalRoomTile (14)
      objectReference: {fileID: 0}
    - target: {fileID: 6526889437101484658, guid: d6d7817a8ce5ac44a8c49461a6f3a2e4,
        type: 3}
      propertyPath: m_LocalPosition.x
      value: 6
      objectReference: {fileID: 0}
    - target: {fileID: 6526889437101484658, guid: d6d7817a8ce5ac44a8c49461a6f3a2e4,
        type: 3}
      propertyPath: m_LocalPosition.y
      value: 0
      objectReference: {fileID: 0}
    - target: {fileID: 6526889437101484658, guid: d6d7817a8ce5ac44a8c49461a6f3a2e4,
        type: 3}
      propertyPath: m_LocalPosition.z
      value: 10
      objectReference: {fileID: 0}
    - target: {fileID: 6526889437101484658, guid: d6d7817a8ce5ac44a8c49461a6f3a2e4,
        type: 3}
      propertyPath: m_LocalRotation.x
      value: 0
      objectReference: {fileID: 0}
    - target: {fileID: 6526889437101484658, guid: d6d7817a8ce5ac44a8c49461a6f3a2e4,
        type: 3}
      propertyPath: m_LocalRotation.y
      value: 0
      objectReference: {fileID: 0}
    - target: {fileID: 6526889437101484658, guid: d6d7817a8ce5ac44a8c49461a6f3a2e4,
        type: 3}
      propertyPath: m_LocalRotation.z
      value: 0
      objectReference: {fileID: 0}
    - target: {fileID: 6526889437101484658, guid: d6d7817a8ce5ac44a8c49461a6f3a2e4,
        type: 3}
      propertyPath: m_LocalRotation.w
      value: 1
      objectReference: {fileID: 0}
    - target: {fileID: 6526889437101484658, guid: d6d7817a8ce5ac44a8c49461a6f3a2e4,
        type: 3}
      propertyPath: m_RootOrder
      value: 14
      objectReference: {fileID: 0}
    - target: {fileID: 6526889437101484658, guid: d6d7817a8ce5ac44a8c49461a6f3a2e4,
        type: 3}
      propertyPath: m_LocalEulerAnglesHint.x
      value: 0
      objectReference: {fileID: 0}
    - target: {fileID: 6526889437101484658, guid: d6d7817a8ce5ac44a8c49461a6f3a2e4,
        type: 3}
      propertyPath: m_LocalEulerAnglesHint.y
      value: 0
      objectReference: {fileID: 0}
    - target: {fileID: 6526889437101484658, guid: d6d7817a8ce5ac44a8c49461a6f3a2e4,
        type: 3}
      propertyPath: m_LocalEulerAnglesHint.z
      value: 0
      objectReference: {fileID: 0}
    m_RemovedComponents: []
  m_SourcePrefab: {fileID: 100100000, guid: d6d7817a8ce5ac44a8c49461a6f3a2e4, type: 3}
--- !u!4 &6370314733658351267 stripped
Transform:
  m_CorrespondingSourceObject: {fileID: 6526889437101484658, guid: d6d7817a8ce5ac44a8c49461a6f3a2e4,
    type: 3}
  m_PrefabInstance: {fileID: 212738058205416657}
  m_PrefabAsset: {fileID: 0}
--- !u!1001 &862832450836232196
PrefabInstance:
  m_ObjectHideFlags: 0
  serializedVersion: 2
  m_Modification:
    m_TransformParent: {fileID: 4361776016863702724}
    m_Modifications:
    - target: {fileID: 6526889437101127250, guid: d6d7817a8ce5ac44a8c49461a6f3a2e4,
        type: 3}
      propertyPath: m_Name
      value: NormalRoomTile (5)
      objectReference: {fileID: 0}
    - target: {fileID: 6526889437101484658, guid: d6d7817a8ce5ac44a8c49461a6f3a2e4,
        type: 3}
      propertyPath: m_LocalPosition.x
      value: 2
      objectReference: {fileID: 0}
    - target: {fileID: 6526889437101484658, guid: d6d7817a8ce5ac44a8c49461a6f3a2e4,
        type: 3}
      propertyPath: m_LocalPosition.y
      value: 0
      objectReference: {fileID: 0}
    - target: {fileID: 6526889437101484658, guid: d6d7817a8ce5ac44a8c49461a6f3a2e4,
        type: 3}
      propertyPath: m_LocalPosition.z
      value: 2
      objectReference: {fileID: 0}
    - target: {fileID: 6526889437101484658, guid: d6d7817a8ce5ac44a8c49461a6f3a2e4,
        type: 3}
      propertyPath: m_LocalRotation.x
      value: 0
      objectReference: {fileID: 0}
    - target: {fileID: 6526889437101484658, guid: d6d7817a8ce5ac44a8c49461a6f3a2e4,
        type: 3}
      propertyPath: m_LocalRotation.y
      value: 0
      objectReference: {fileID: 0}
    - target: {fileID: 6526889437101484658, guid: d6d7817a8ce5ac44a8c49461a6f3a2e4,
        type: 3}
      propertyPath: m_LocalRotation.z
      value: 0
      objectReference: {fileID: 0}
    - target: {fileID: 6526889437101484658, guid: d6d7817a8ce5ac44a8c49461a6f3a2e4,
        type: 3}
      propertyPath: m_LocalRotation.w
      value: 1
      objectReference: {fileID: 0}
    - target: {fileID: 6526889437101484658, guid: d6d7817a8ce5ac44a8c49461a6f3a2e4,
        type: 3}
      propertyPath: m_RootOrder
      value: 5
      objectReference: {fileID: 0}
    - target: {fileID: 6526889437101484658, guid: d6d7817a8ce5ac44a8c49461a6f3a2e4,
        type: 3}
      propertyPath: m_LocalEulerAnglesHint.x
      value: 0
      objectReference: {fileID: 0}
    - target: {fileID: 6526889437101484658, guid: d6d7817a8ce5ac44a8c49461a6f3a2e4,
        type: 3}
      propertyPath: m_LocalEulerAnglesHint.y
      value: 0
      objectReference: {fileID: 0}
    - target: {fileID: 6526889437101484658, guid: d6d7817a8ce5ac44a8c49461a6f3a2e4,
        type: 3}
      propertyPath: m_LocalEulerAnglesHint.z
      value: 0
      objectReference: {fileID: 0}
    m_RemovedComponents: []
  m_SourcePrefab: {fileID: 100100000, guid: d6d7817a8ce5ac44a8c49461a6f3a2e4, type: 3}
--- !u!4 &5867432572013449846 stripped
Transform:
  m_CorrespondingSourceObject: {fileID: 6526889437101484658, guid: d6d7817a8ce5ac44a8c49461a6f3a2e4,
    type: 3}
  m_PrefabInstance: {fileID: 862832450836232196}
  m_PrefabAsset: {fileID: 0}
--- !u!1001 &929594933740358504
PrefabInstance:
  m_ObjectHideFlags: 0
  serializedVersion: 2
  m_Modification:
    m_TransformParent: {fileID: 4361776016863702724}
    m_Modifications:
    - target: {fileID: 6526889437101127250, guid: d6d7817a8ce5ac44a8c49461a6f3a2e4,
        type: 3}
      propertyPath: m_Name
      value: NormalRoomTile (2)
      objectReference: {fileID: 0}
    - target: {fileID: 6526889437101484658, guid: d6d7817a8ce5ac44a8c49461a6f3a2e4,
        type: 3}
      propertyPath: m_LocalPosition.x
      value: 6
      objectReference: {fileID: 0}
    - target: {fileID: 6526889437101484658, guid: d6d7817a8ce5ac44a8c49461a6f3a2e4,
        type: 3}
      propertyPath: m_LocalPosition.y
      value: 0
      objectReference: {fileID: 0}
    - target: {fileID: 6526889437101484658, guid: d6d7817a8ce5ac44a8c49461a6f3a2e4,
        type: 3}
      propertyPath: m_LocalPosition.z
      value: -2
      objectReference: {fileID: 0}
    - target: {fileID: 6526889437101484658, guid: d6d7817a8ce5ac44a8c49461a6f3a2e4,
        type: 3}
      propertyPath: m_LocalRotation.x
      value: 0
      objectReference: {fileID: 0}
    - target: {fileID: 6526889437101484658, guid: d6d7817a8ce5ac44a8c49461a6f3a2e4,
        type: 3}
      propertyPath: m_LocalRotation.y
      value: 0
      objectReference: {fileID: 0}
    - target: {fileID: 6526889437101484658, guid: d6d7817a8ce5ac44a8c49461a6f3a2e4,
        type: 3}
      propertyPath: m_LocalRotation.z
      value: 0
      objectReference: {fileID: 0}
    - target: {fileID: 6526889437101484658, guid: d6d7817a8ce5ac44a8c49461a6f3a2e4,
        type: 3}
      propertyPath: m_LocalRotation.w
      value: 1
      objectReference: {fileID: 0}
    - target: {fileID: 6526889437101484658, guid: d6d7817a8ce5ac44a8c49461a6f3a2e4,
        type: 3}
      propertyPath: m_RootOrder
      value: 2
      objectReference: {fileID: 0}
    - target: {fileID: 6526889437101484658, guid: d6d7817a8ce5ac44a8c49461a6f3a2e4,
        type: 3}
      propertyPath: m_LocalEulerAnglesHint.x
      value: 0
      objectReference: {fileID: 0}
    - target: {fileID: 6526889437101484658, guid: d6d7817a8ce5ac44a8c49461a6f3a2e4,
        type: 3}
      propertyPath: m_LocalEulerAnglesHint.y
      value: 0
      objectReference: {fileID: 0}
    - target: {fileID: 6526889437101484658, guid: d6d7817a8ce5ac44a8c49461a6f3a2e4,
        type: 3}
      propertyPath: m_LocalEulerAnglesHint.z
      value: 0
      objectReference: {fileID: 0}
    m_RemovedComponents: []
  m_SourcePrefab: {fileID: 100100000, guid: d6d7817a8ce5ac44a8c49461a6f3a2e4, type: 3}
--- !u!4 &6229251200260645146 stripped
Transform:
  m_CorrespondingSourceObject: {fileID: 6526889437101484658, guid: d6d7817a8ce5ac44a8c49461a6f3a2e4,
    type: 3}
  m_PrefabInstance: {fileID: 929594933740358504}
  m_PrefabAsset: {fileID: 0}
--- !u!1001 &1018759487621408274
PrefabInstance:
  m_ObjectHideFlags: 0
  serializedVersion: 2
  m_Modification:
    m_TransformParent: {fileID: 4361776016863702724}
    m_Modifications:
    - target: {fileID: 6526889437101127250, guid: d6d7817a8ce5ac44a8c49461a6f3a2e4,
        type: 3}
      propertyPath: m_Name
      value: NormalRoomTile (8)
      objectReference: {fileID: 0}
    - target: {fileID: 6526889437101484658, guid: d6d7817a8ce5ac44a8c49461a6f3a2e4,
        type: 3}
      propertyPath: m_LocalPosition.x
      value: -2
      objectReference: {fileID: 0}
    - target: {fileID: 6526889437101484658, guid: d6d7817a8ce5ac44a8c49461a6f3a2e4,
        type: 3}
      propertyPath: m_LocalPosition.y
      value: 0
      objectReference: {fileID: 0}
    - target: {fileID: 6526889437101484658, guid: d6d7817a8ce5ac44a8c49461a6f3a2e4,
        type: 3}
      propertyPath: m_LocalPosition.z
      value: 6
      objectReference: {fileID: 0}
    - target: {fileID: 6526889437101484658, guid: d6d7817a8ce5ac44a8c49461a6f3a2e4,
        type: 3}
      propertyPath: m_LocalRotation.x
      value: 0
      objectReference: {fileID: 0}
    - target: {fileID: 6526889437101484658, guid: d6d7817a8ce5ac44a8c49461a6f3a2e4,
        type: 3}
      propertyPath: m_LocalRotation.y
      value: 0
      objectReference: {fileID: 0}
    - target: {fileID: 6526889437101484658, guid: d6d7817a8ce5ac44a8c49461a6f3a2e4,
        type: 3}
      propertyPath: m_LocalRotation.z
      value: 0
      objectReference: {fileID: 0}
    - target: {fileID: 6526889437101484658, guid: d6d7817a8ce5ac44a8c49461a6f3a2e4,
        type: 3}
      propertyPath: m_LocalRotation.w
      value: 1
      objectReference: {fileID: 0}
    - target: {fileID: 6526889437101484658, guid: d6d7817a8ce5ac44a8c49461a6f3a2e4,
        type: 3}
      propertyPath: m_RootOrder
      value: 8
      objectReference: {fileID: 0}
    - target: {fileID: 6526889437101484658, guid: d6d7817a8ce5ac44a8c49461a6f3a2e4,
        type: 3}
      propertyPath: m_LocalEulerAnglesHint.x
      value: 0
      objectReference: {fileID: 0}
    - target: {fileID: 6526889437101484658, guid: d6d7817a8ce5ac44a8c49461a6f3a2e4,
        type: 3}
      propertyPath: m_LocalEulerAnglesHint.y
      value: 0
      objectReference: {fileID: 0}
    - target: {fileID: 6526889437101484658, guid: d6d7817a8ce5ac44a8c49461a6f3a2e4,
        type: 3}
      propertyPath: m_LocalEulerAnglesHint.z
      value: 0
      objectReference: {fileID: 0}
    m_RemovedComponents: []
  m_SourcePrefab: {fileID: 100100000, guid: d6d7817a8ce5ac44a8c49461a6f3a2e4, type: 3}
--- !u!4 &6104478694180736096 stripped
Transform:
  m_CorrespondingSourceObject: {fileID: 6526889437101484658, guid: d6d7817a8ce5ac44a8c49461a6f3a2e4,
    type: 3}
  m_PrefabInstance: {fileID: 1018759487621408274}
  m_PrefabAsset: {fileID: 0}
--- !u!1001 &2165036986106643831
PrefabInstance:
  m_ObjectHideFlags: 0
  serializedVersion: 2
  m_Modification:
    m_TransformParent: {fileID: 4361776016863702724}
    m_Modifications:
    - target: {fileID: 6526889437101127250, guid: d6d7817a8ce5ac44a8c49461a6f3a2e4,
        type: 3}
      propertyPath: m_Name
      value: NormalRoomTile (10)
      objectReference: {fileID: 0}
    - target: {fileID: 6526889437101484658, guid: d6d7817a8ce5ac44a8c49461a6f3a2e4,
        type: 3}
      propertyPath: m_LocalPosition.x
      value: 6
      objectReference: {fileID: 0}
    - target: {fileID: 6526889437101484658, guid: d6d7817a8ce5ac44a8c49461a6f3a2e4,
        type: 3}
      propertyPath: m_LocalPosition.y
      value: 0
      objectReference: {fileID: 0}
    - target: {fileID: 6526889437101484658, guid: d6d7817a8ce5ac44a8c49461a6f3a2e4,
        type: 3}
      propertyPath: m_LocalPosition.z
      value: 6
      objectReference: {fileID: 0}
    - target: {fileID: 6526889437101484658, guid: d6d7817a8ce5ac44a8c49461a6f3a2e4,
        type: 3}
      propertyPath: m_LocalRotation.x
      value: 0
      objectReference: {fileID: 0}
    - target: {fileID: 6526889437101484658, guid: d6d7817a8ce5ac44a8c49461a6f3a2e4,
        type: 3}
      propertyPath: m_LocalRotation.y
      value: 0
      objectReference: {fileID: 0}
    - target: {fileID: 6526889437101484658, guid: d6d7817a8ce5ac44a8c49461a6f3a2e4,
        type: 3}
      propertyPath: m_LocalRotation.z
      value: 0
      objectReference: {fileID: 0}
    - target: {fileID: 6526889437101484658, guid: d6d7817a8ce5ac44a8c49461a6f3a2e4,
        type: 3}
      propertyPath: m_LocalRotation.w
      value: 1
      objectReference: {fileID: 0}
    - target: {fileID: 6526889437101484658, guid: d6d7817a8ce5ac44a8c49461a6f3a2e4,
        type: 3}
      propertyPath: m_RootOrder
      value: 10
      objectReference: {fileID: 0}
    - target: {fileID: 6526889437101484658, guid: d6d7817a8ce5ac44a8c49461a6f3a2e4,
        type: 3}
      propertyPath: m_LocalEulerAnglesHint.x
      value: 0
      objectReference: {fileID: 0}
    - target: {fileID: 6526889437101484658, guid: d6d7817a8ce5ac44a8c49461a6f3a2e4,
        type: 3}
      propertyPath: m_LocalEulerAnglesHint.y
      value: 0
      objectReference: {fileID: 0}
    - target: {fileID: 6526889437101484658, guid: d6d7817a8ce5ac44a8c49461a6f3a2e4,
        type: 3}
      propertyPath: m_LocalEulerAnglesHint.z
      value: 0
      objectReference: {fileID: 0}
    m_RemovedComponents: []
  m_SourcePrefab: {fileID: 100100000, guid: d6d7817a8ce5ac44a8c49461a6f3a2e4, type: 3}
--- !u!4 &4944929265420791557 stripped
Transform:
  m_CorrespondingSourceObject: {fileID: 6526889437101484658, guid: d6d7817a8ce5ac44a8c49461a6f3a2e4,
    type: 3}
  m_PrefabInstance: {fileID: 2165036986106643831}
  m_PrefabAsset: {fileID: 0}
--- !u!1001 &2347977779876123917
PrefabInstance:
  m_ObjectHideFlags: 0
  serializedVersion: 2
  m_Modification:
    m_TransformParent: {fileID: 4361776016863702724}
    m_Modifications:
    - target: {fileID: 6526889437101127250, guid: d6d7817a8ce5ac44a8c49461a6f3a2e4,
        type: 3}
      propertyPath: m_Name
      value: NormalRoomTile (11)
      objectReference: {fileID: 0}
    - target: {fileID: 6526889437101484658, guid: d6d7817a8ce5ac44a8c49461a6f3a2e4,
        type: 3}
      propertyPath: m_LocalPosition.x
      value: 10
      objectReference: {fileID: 0}
    - target: {fileID: 6526889437101484658, guid: d6d7817a8ce5ac44a8c49461a6f3a2e4,
        type: 3}
      propertyPath: m_LocalPosition.y
      value: 0
      objectReference: {fileID: 0}
    - target: {fileID: 6526889437101484658, guid: d6d7817a8ce5ac44a8c49461a6f3a2e4,
        type: 3}
      propertyPath: m_LocalPosition.z
      value: 6
      objectReference: {fileID: 0}
    - target: {fileID: 6526889437101484658, guid: d6d7817a8ce5ac44a8c49461a6f3a2e4,
        type: 3}
      propertyPath: m_LocalRotation.x
      value: 0
      objectReference: {fileID: 0}
    - target: {fileID: 6526889437101484658, guid: d6d7817a8ce5ac44a8c49461a6f3a2e4,
        type: 3}
      propertyPath: m_LocalRotation.y
      value: 0
      objectReference: {fileID: 0}
    - target: {fileID: 6526889437101484658, guid: d6d7817a8ce5ac44a8c49461a6f3a2e4,
        type: 3}
      propertyPath: m_LocalRotation.z
      value: 0
      objectReference: {fileID: 0}
    - target: {fileID: 6526889437101484658, guid: d6d7817a8ce5ac44a8c49461a6f3a2e4,
        type: 3}
      propertyPath: m_LocalRotation.w
      value: 1
      objectReference: {fileID: 0}
    - target: {fileID: 6526889437101484658, guid: d6d7817a8ce5ac44a8c49461a6f3a2e4,
        type: 3}
      propertyPath: m_RootOrder
      value: 11
      objectReference: {fileID: 0}
    - target: {fileID: 6526889437101484658, guid: d6d7817a8ce5ac44a8c49461a6f3a2e4,
        type: 3}
      propertyPath: m_LocalEulerAnglesHint.x
      value: 0
      objectReference: {fileID: 0}
    - target: {fileID: 6526889437101484658, guid: d6d7817a8ce5ac44a8c49461a6f3a2e4,
        type: 3}
      propertyPath: m_LocalEulerAnglesHint.y
      value: 0
      objectReference: {fileID: 0}
    - target: {fileID: 6526889437101484658, guid: d6d7817a8ce5ac44a8c49461a6f3a2e4,
        type: 3}
      propertyPath: m_LocalEulerAnglesHint.z
      value: 0
      objectReference: {fileID: 0}
    m_RemovedComponents: []
  m_SourcePrefab: {fileID: 100100000, guid: d6d7817a8ce5ac44a8c49461a6f3a2e4, type: 3}
--- !u!4 &8791477295826616191 stripped
Transform:
  m_CorrespondingSourceObject: {fileID: 6526889437101484658, guid: d6d7817a8ce5ac44a8c49461a6f3a2e4,
    type: 3}
  m_PrefabInstance: {fileID: 2347977779876123917}
  m_PrefabAsset: {fileID: 0}
--- !u!1001 &2512202186832375340
PrefabInstance:
  m_ObjectHideFlags: 0
  serializedVersion: 2
  m_Modification:
    m_TransformParent: {fileID: 4361776016863702724}
    m_Modifications:
    - target: {fileID: 6526889437101127250, guid: d6d7817a8ce5ac44a8c49461a6f3a2e4,
        type: 3}
      propertyPath: m_Name
      value: NormalRoomTile (4)
      objectReference: {fileID: 0}
    - target: {fileID: 6526889437101484658, guid: d6d7817a8ce5ac44a8c49461a6f3a2e4,
        type: 3}
      propertyPath: m_LocalPosition.x
      value: -2
      objectReference: {fileID: 0}
    - target: {fileID: 6526889437101484658, guid: d6d7817a8ce5ac44a8c49461a6f3a2e4,
        type: 3}
      propertyPath: m_LocalPosition.y
      value: 0
      objectReference: {fileID: 0}
    - target: {fileID: 6526889437101484658, guid: d6d7817a8ce5ac44a8c49461a6f3a2e4,
        type: 3}
      propertyPath: m_LocalPosition.z
      value: 2
      objectReference: {fileID: 0}
    - target: {fileID: 6526889437101484658, guid: d6d7817a8ce5ac44a8c49461a6f3a2e4,
        type: 3}
      propertyPath: m_LocalRotation.x
      value: 0
      objectReference: {fileID: 0}
    - target: {fileID: 6526889437101484658, guid: d6d7817a8ce5ac44a8c49461a6f3a2e4,
        type: 3}
      propertyPath: m_LocalRotation.y
      value: 0
      objectReference: {fileID: 0}
    - target: {fileID: 6526889437101484658, guid: d6d7817a8ce5ac44a8c49461a6f3a2e4,
        type: 3}
      propertyPath: m_LocalRotation.z
      value: 0
      objectReference: {fileID: 0}
    - target: {fileID: 6526889437101484658, guid: d6d7817a8ce5ac44a8c49461a6f3a2e4,
        type: 3}
      propertyPath: m_LocalRotation.w
      value: 1
      objectReference: {fileID: 0}
    - target: {fileID: 6526889437101484658, guid: d6d7817a8ce5ac44a8c49461a6f3a2e4,
        type: 3}
      propertyPath: m_RootOrder
      value: 4
      objectReference: {fileID: 0}
    - target: {fileID: 6526889437101484658, guid: d6d7817a8ce5ac44a8c49461a6f3a2e4,
        type: 3}
      propertyPath: m_LocalEulerAnglesHint.x
      value: 0
      objectReference: {fileID: 0}
    - target: {fileID: 6526889437101484658, guid: d6d7817a8ce5ac44a8c49461a6f3a2e4,
        type: 3}
      propertyPath: m_LocalEulerAnglesHint.y
      value: 0
      objectReference: {fileID: 0}
    - target: {fileID: 6526889437101484658, guid: d6d7817a8ce5ac44a8c49461a6f3a2e4,
        type: 3}
      propertyPath: m_LocalEulerAnglesHint.z
      value: 0
      objectReference: {fileID: 0}
    m_RemovedComponents: []
  m_SourcePrefab: {fileID: 100100000, guid: d6d7817a8ce5ac44a8c49461a6f3a2e4, type: 3}
--- !u!4 &8667469714944197726 stripped
Transform:
  m_CorrespondingSourceObject: {fileID: 6526889437101484658, guid: d6d7817a8ce5ac44a8c49461a6f3a2e4,
    type: 3}
  m_PrefabInstance: {fileID: 2512202186832375340}
  m_PrefabAsset: {fileID: 0}
--- !u!1001 &3658015419432615870
PrefabInstance:
  m_ObjectHideFlags: 0
  serializedVersion: 2
  m_Modification:
    m_TransformParent: {fileID: 4361776016863702724}
    m_Modifications:
    - target: {fileID: 6526889437101127250, guid: d6d7817a8ce5ac44a8c49461a6f3a2e4,
        type: 3}
      propertyPath: m_Name
      value: NormalRoomTile (3)
      objectReference: {fileID: 0}
    - target: {fileID: 6526889437101484658, guid: d6d7817a8ce5ac44a8c49461a6f3a2e4,
        type: 3}
      propertyPath: m_LocalPosition.x
      value: 10
      objectReference: {fileID: 0}
    - target: {fileID: 6526889437101484658, guid: d6d7817a8ce5ac44a8c49461a6f3a2e4,
        type: 3}
      propertyPath: m_LocalPosition.y
      value: 0
      objectReference: {fileID: 0}
    - target: {fileID: 6526889437101484658, guid: d6d7817a8ce5ac44a8c49461a6f3a2e4,
        type: 3}
      propertyPath: m_LocalPosition.z
      value: -2
      objectReference: {fileID: 0}
    - target: {fileID: 6526889437101484658, guid: d6d7817a8ce5ac44a8c49461a6f3a2e4,
        type: 3}
      propertyPath: m_LocalRotation.x
      value: 0
      objectReference: {fileID: 0}
    - target: {fileID: 6526889437101484658, guid: d6d7817a8ce5ac44a8c49461a6f3a2e4,
        type: 3}
      propertyPath: m_LocalRotation.y
      value: 0
      objectReference: {fileID: 0}
    - target: {fileID: 6526889437101484658, guid: d6d7817a8ce5ac44a8c49461a6f3a2e4,
        type: 3}
      propertyPath: m_LocalRotation.z
      value: 0
      objectReference: {fileID: 0}
    - target: {fileID: 6526889437101484658, guid: d6d7817a8ce5ac44a8c49461a6f3a2e4,
        type: 3}
      propertyPath: m_LocalRotation.w
      value: 1
      objectReference: {fileID: 0}
    - target: {fileID: 6526889437101484658, guid: d6d7817a8ce5ac44a8c49461a6f3a2e4,
        type: 3}
      propertyPath: m_RootOrder
      value: 3
      objectReference: {fileID: 0}
    - target: {fileID: 6526889437101484658, guid: d6d7817a8ce5ac44a8c49461a6f3a2e4,
        type: 3}
      propertyPath: m_LocalEulerAnglesHint.x
      value: 0
      objectReference: {fileID: 0}
    - target: {fileID: 6526889437101484658, guid: d6d7817a8ce5ac44a8c49461a6f3a2e4,
        type: 3}
      propertyPath: m_LocalEulerAnglesHint.y
      value: 0
      objectReference: {fileID: 0}
    - target: {fileID: 6526889437101484658, guid: d6d7817a8ce5ac44a8c49461a6f3a2e4,
        type: 3}
      propertyPath: m_LocalEulerAnglesHint.z
      value: 0
      objectReference: {fileID: 0}
    m_RemovedComponents: []
  m_SourcePrefab: {fileID: 100100000, guid: d6d7817a8ce5ac44a8c49461a6f3a2e4, type: 3}
--- !u!4 &7518701270098531788 stripped
Transform:
  m_CorrespondingSourceObject: {fileID: 6526889437101484658, guid: d6d7817a8ce5ac44a8c49461a6f3a2e4,
    type: 3}
  m_PrefabInstance: {fileID: 3658015419432615870}
  m_PrefabAsset: {fileID: 0}
--- !u!1001 &4702098086885645000
PrefabInstance:
  m_ObjectHideFlags: 0
  serializedVersion: 2
  m_Modification:
    m_TransformParent: {fileID: 4361776016863702724}
    m_Modifications:
    - target: {fileID: 6526889437101127250, guid: d6d7817a8ce5ac44a8c49461a6f3a2e4,
        type: 3}
      propertyPath: m_Name
      value: NormalRoomTile
      objectReference: {fileID: 0}
    - target: {fileID: 6526889437101484658, guid: d6d7817a8ce5ac44a8c49461a6f3a2e4,
        type: 3}
      propertyPath: m_LocalPosition.x
      value: -2
      objectReference: {fileID: 0}
    - target: {fileID: 6526889437101484658, guid: d6d7817a8ce5ac44a8c49461a6f3a2e4,
        type: 3}
      propertyPath: m_LocalPosition.y
      value: 0
      objectReference: {fileID: 0}
    - target: {fileID: 6526889437101484658, guid: d6d7817a8ce5ac44a8c49461a6f3a2e4,
        type: 3}
      propertyPath: m_LocalPosition.z
      value: -2
      objectReference: {fileID: 0}
    - target: {fileID: 6526889437101484658, guid: d6d7817a8ce5ac44a8c49461a6f3a2e4,
        type: 3}
      propertyPath: m_LocalRotation.x
      value: 0
      objectReference: {fileID: 0}
    - target: {fileID: 6526889437101484658, guid: d6d7817a8ce5ac44a8c49461a6f3a2e4,
        type: 3}
      propertyPath: m_LocalRotation.y
      value: 0
      objectReference: {fileID: 0}
    - target: {fileID: 6526889437101484658, guid: d6d7817a8ce5ac44a8c49461a6f3a2e4,
        type: 3}
      propertyPath: m_LocalRotation.z
      value: 0
      objectReference: {fileID: 0}
    - target: {fileID: 6526889437101484658, guid: d6d7817a8ce5ac44a8c49461a6f3a2e4,
        type: 3}
      propertyPath: m_LocalRotation.w
      value: 1
      objectReference: {fileID: 0}
    - target: {fileID: 6526889437101484658, guid: d6d7817a8ce5ac44a8c49461a6f3a2e4,
        type: 3}
      propertyPath: m_RootOrder
      value: 0
      objectReference: {fileID: 0}
    - target: {fileID: 6526889437101484658, guid: d6d7817a8ce5ac44a8c49461a6f3a2e4,
        type: 3}
      propertyPath: m_LocalEulerAnglesHint.x
      value: 0
      objectReference: {fileID: 0}
    - target: {fileID: 6526889437101484658, guid: d6d7817a8ce5ac44a8c49461a6f3a2e4,
        type: 3}
      propertyPath: m_LocalEulerAnglesHint.y
      value: 0
      objectReference: {fileID: 0}
    - target: {fileID: 6526889437101484658, guid: d6d7817a8ce5ac44a8c49461a6f3a2e4,
        type: 3}
      propertyPath: m_LocalEulerAnglesHint.z
      value: 0
      objectReference: {fileID: 0}
    m_RemovedComponents: []
  m_SourcePrefab: {fileID: 100100000, guid: d6d7817a8ce5ac44a8c49461a6f3a2e4, type: 3}
--- !u!4 &2005542265907458234 stripped
Transform:
  m_CorrespondingSourceObject: {fileID: 6526889437101484658, guid: d6d7817a8ce5ac44a8c49461a6f3a2e4,
    type: 3}
  m_PrefabInstance: {fileID: 4702098086885645000}
  m_PrefabAsset: {fileID: 0}
--- !u!1001 &4940543844981350091
PrefabInstance:
  m_ObjectHideFlags: 0
  serializedVersion: 2
  m_Modification:
    m_TransformParent: {fileID: 4361776016863702724}
    m_Modifications:
    - target: {fileID: 6526889437101127250, guid: d6d7817a8ce5ac44a8c49461a6f3a2e4,
        type: 3}
      propertyPath: m_Name
      value: NormalRoomTile (6)
      objectReference: {fileID: 0}
    - target: {fileID: 6526889437101484658, guid: d6d7817a8ce5ac44a8c49461a6f3a2e4,
        type: 3}
      propertyPath: m_LocalPosition.x
      value: 6
      objectReference: {fileID: 0}
    - target: {fileID: 6526889437101484658, guid: d6d7817a8ce5ac44a8c49461a6f3a2e4,
        type: 3}
      propertyPath: m_LocalPosition.y
      value: 0
      objectReference: {fileID: 0}
    - target: {fileID: 6526889437101484658, guid: d6d7817a8ce5ac44a8c49461a6f3a2e4,
        type: 3}
      propertyPath: m_LocalPosition.z
      value: 2
      objectReference: {fileID: 0}
    - target: {fileID: 6526889437101484658, guid: d6d7817a8ce5ac44a8c49461a6f3a2e4,
        type: 3}
      propertyPath: m_LocalRotation.x
      value: 0
      objectReference: {fileID: 0}
    - target: {fileID: 6526889437101484658, guid: d6d7817a8ce5ac44a8c49461a6f3a2e4,
        type: 3}
      propertyPath: m_LocalRotation.y
      value: 0
      objectReference: {fileID: 0}
    - target: {fileID: 6526889437101484658, guid: d6d7817a8ce5ac44a8c49461a6f3a2e4,
        type: 3}
      propertyPath: m_LocalRotation.z
      value: 0
      objectReference: {fileID: 0}
    - target: {fileID: 6526889437101484658, guid: d6d7817a8ce5ac44a8c49461a6f3a2e4,
        type: 3}
      propertyPath: m_LocalRotation.w
      value: 1
      objectReference: {fileID: 0}
    - target: {fileID: 6526889437101484658, guid: d6d7817a8ce5ac44a8c49461a6f3a2e4,
        type: 3}
      propertyPath: m_RootOrder
      value: 6
      objectReference: {fileID: 0}
    - target: {fileID: 6526889437101484658, guid: d6d7817a8ce5ac44a8c49461a6f3a2e4,
        type: 3}
      propertyPath: m_LocalEulerAnglesHint.x
      value: 0
      objectReference: {fileID: 0}
    - target: {fileID: 6526889437101484658, guid: d6d7817a8ce5ac44a8c49461a6f3a2e4,
        type: 3}
      propertyPath: m_LocalEulerAnglesHint.y
      value: 0
      objectReference: {fileID: 0}
    - target: {fileID: 6526889437101484658, guid: d6d7817a8ce5ac44a8c49461a6f3a2e4,
        type: 3}
      propertyPath: m_LocalEulerAnglesHint.z
      value: 0
      objectReference: {fileID: 0}
    m_RemovedComponents: []
  m_SourcePrefab: {fileID: 100100000, guid: d6d7817a8ce5ac44a8c49461a6f3a2e4, type: 3}
--- !u!4 &2162991365619053753 stripped
Transform:
  m_CorrespondingSourceObject: {fileID: 6526889437101484658, guid: d6d7817a8ce5ac44a8c49461a6f3a2e4,
    type: 3}
  m_PrefabInstance: {fileID: 4940543844981350091}
  m_PrefabAsset: {fileID: 0}
--- !u!1001 &5161075663719072701
PrefabInstance:
  m_ObjectHideFlags: 0
  serializedVersion: 2
  m_Modification:
    m_TransformParent: {fileID: 4361776016863702724}
    m_Modifications:
    - target: {fileID: 6526889437101127250, guid: d6d7817a8ce5ac44a8c49461a6f3a2e4,
        type: 3}
      propertyPath: m_Name
      value: NormalRoomTile (9)
      objectReference: {fileID: 0}
    - target: {fileID: 6526889437101484658, guid: d6d7817a8ce5ac44a8c49461a6f3a2e4,
        type: 3}
      propertyPath: m_LocalPosition.x
      value: 2
      objectReference: {fileID: 0}
    - target: {fileID: 6526889437101484658, guid: d6d7817a8ce5ac44a8c49461a6f3a2e4,
        type: 3}
      propertyPath: m_LocalPosition.y
      value: 0
      objectReference: {fileID: 0}
    - target: {fileID: 6526889437101484658, guid: d6d7817a8ce5ac44a8c49461a6f3a2e4,
        type: 3}
      propertyPath: m_LocalPosition.z
      value: 6
      objectReference: {fileID: 0}
    - target: {fileID: 6526889437101484658, guid: d6d7817a8ce5ac44a8c49461a6f3a2e4,
        type: 3}
      propertyPath: m_LocalRotation.x
      value: 0
      objectReference: {fileID: 0}
    - target: {fileID: 6526889437101484658, guid: d6d7817a8ce5ac44a8c49461a6f3a2e4,
        type: 3}
      propertyPath: m_LocalRotation.y
      value: 0
      objectReference: {fileID: 0}
    - target: {fileID: 6526889437101484658, guid: d6d7817a8ce5ac44a8c49461a6f3a2e4,
        type: 3}
      propertyPath: m_LocalRotation.z
      value: 0
      objectReference: {fileID: 0}
    - target: {fileID: 6526889437101484658, guid: d6d7817a8ce5ac44a8c49461a6f3a2e4,
        type: 3}
      propertyPath: m_LocalRotation.w
      value: 1
      objectReference: {fileID: 0}
    - target: {fileID: 6526889437101484658, guid: d6d7817a8ce5ac44a8c49461a6f3a2e4,
        type: 3}
      propertyPath: m_RootOrder
      value: 9
      objectReference: {fileID: 0}
    - target: {fileID: 6526889437101484658, guid: d6d7817a8ce5ac44a8c49461a6f3a2e4,
        type: 3}
      propertyPath: m_LocalEulerAnglesHint.x
      value: 0
      objectReference: {fileID: 0}
    - target: {fileID: 6526889437101484658, guid: d6d7817a8ce5ac44a8c49461a6f3a2e4,
        type: 3}
      propertyPath: m_LocalEulerAnglesHint.y
      value: 0
      objectReference: {fileID: 0}
    - target: {fileID: 6526889437101484658, guid: d6d7817a8ce5ac44a8c49461a6f3a2e4,
        type: 3}
      propertyPath: m_LocalEulerAnglesHint.z
      value: 0
      objectReference: {fileID: 0}
    m_RemovedComponents: []
  m_SourcePrefab: {fileID: 100100000, guid: d6d7817a8ce5ac44a8c49461a6f3a2e4, type: 3}
--- !u!4 &2093040934752971215 stripped
Transform:
  m_CorrespondingSourceObject: {fileID: 6526889437101484658, guid: d6d7817a8ce5ac44a8c49461a6f3a2e4,
    type: 3}
  m_PrefabInstance: {fileID: 5161075663719072701}
  m_PrefabAsset: {fileID: 0}
--- !u!1001 &5262185039050671480
PrefabInstance:
  m_ObjectHideFlags: 0
  serializedVersion: 2
  m_Modification:
    m_TransformParent: {fileID: 4361776016863702724}
    m_Modifications:
    - target: {fileID: 6526889437101127250, guid: d6d7817a8ce5ac44a8c49461a6f3a2e4,
        type: 3}
      propertyPath: m_Name
      value: NormalRoomTile (13)
      objectReference: {fileID: 0}
    - target: {fileID: 6526889437101484658, guid: d6d7817a8ce5ac44a8c49461a6f3a2e4,
        type: 3}
      propertyPath: m_LocalPosition.x
      value: 2
      objectReference: {fileID: 0}
    - target: {fileID: 6526889437101484658, guid: d6d7817a8ce5ac44a8c49461a6f3a2e4,
        type: 3}
      propertyPath: m_LocalPosition.y
      value: 0
      objectReference: {fileID: 0}
    - target: {fileID: 6526889437101484658, guid: d6d7817a8ce5ac44a8c49461a6f3a2e4,
        type: 3}
      propertyPath: m_LocalPosition.z
      value: 10
      objectReference: {fileID: 0}
    - target: {fileID: 6526889437101484658, guid: d6d7817a8ce5ac44a8c49461a6f3a2e4,
        type: 3}
      propertyPath: m_LocalRotation.x
      value: 0
      objectReference: {fileID: 0}
    - target: {fileID: 6526889437101484658, guid: d6d7817a8ce5ac44a8c49461a6f3a2e4,
        type: 3}
      propertyPath: m_LocalRotation.y
      value: 0
      objectReference: {fileID: 0}
    - target: {fileID: 6526889437101484658, guid: d6d7817a8ce5ac44a8c49461a6f3a2e4,
        type: 3}
      propertyPath: m_LocalRotation.z
      value: 0
      objectReference: {fileID: 0}
    - target: {fileID: 6526889437101484658, guid: d6d7817a8ce5ac44a8c49461a6f3a2e4,
        type: 3}
      propertyPath: m_LocalRotation.w
      value: 1
      objectReference: {fileID: 0}
    - target: {fileID: 6526889437101484658, guid: d6d7817a8ce5ac44a8c49461a6f3a2e4,
        type: 3}
      propertyPath: m_RootOrder
      value: 13
      objectReference: {fileID: 0}
    - target: {fileID: 6526889437101484658, guid: d6d7817a8ce5ac44a8c49461a6f3a2e4,
        type: 3}
      propertyPath: m_LocalEulerAnglesHint.x
      value: 0
      objectReference: {fileID: 0}
    - target: {fileID: 6526889437101484658, guid: d6d7817a8ce5ac44a8c49461a6f3a2e4,
        type: 3}
      propertyPath: m_LocalEulerAnglesHint.y
      value: 0
      objectReference: {fileID: 0}
    - target: {fileID: 6526889437101484658, guid: d6d7817a8ce5ac44a8c49461a6f3a2e4,
        type: 3}
      propertyPath: m_LocalEulerAnglesHint.z
      value: 0
      objectReference: {fileID: 0}
    m_RemovedComponents: []
  m_SourcePrefab: {fileID: 100100000, guid: d6d7817a8ce5ac44a8c49461a6f3a2e4, type: 3}
--- !u!4 &1410508719733829386 stripped
Transform:
  m_CorrespondingSourceObject: {fileID: 6526889437101484658, guid: d6d7817a8ce5ac44a8c49461a6f3a2e4,
    type: 3}
  m_PrefabInstance: {fileID: 5262185039050671480}
  m_PrefabAsset: {fileID: 0}
--- !u!1001 &6090304472087967998
PrefabInstance:
  m_ObjectHideFlags: 0
  serializedVersion: 2
  m_Modification:
    m_TransformParent: {fileID: 4361776016863702724}
    m_Modifications:
    - target: {fileID: 6526889437101127250, guid: d6d7817a8ce5ac44a8c49461a6f3a2e4,
        type: 3}
      propertyPath: m_Name
      value: NormalRoomTile (7)
      objectReference: {fileID: 0}
    - target: {fileID: 6526889437101484658, guid: d6d7817a8ce5ac44a8c49461a6f3a2e4,
        type: 3}
      propertyPath: m_LocalPosition.x
      value: 10
      objectReference: {fileID: 0}
    - target: {fileID: 6526889437101484658, guid: d6d7817a8ce5ac44a8c49461a6f3a2e4,
        type: 3}
      propertyPath: m_LocalPosition.y
      value: 0
      objectReference: {fileID: 0}
    - target: {fileID: 6526889437101484658, guid: d6d7817a8ce5ac44a8c49461a6f3a2e4,
        type: 3}
      propertyPath: m_LocalPosition.z
      value: 2
      objectReference: {fileID: 0}
    - target: {fileID: 6526889437101484658, guid: d6d7817a8ce5ac44a8c49461a6f3a2e4,
        type: 3}
      propertyPath: m_LocalRotation.x
      value: 0
      objectReference: {fileID: 0}
    - target: {fileID: 6526889437101484658, guid: d6d7817a8ce5ac44a8c49461a6f3a2e4,
        type: 3}
      propertyPath: m_LocalRotation.y
      value: 0
      objectReference: {fileID: 0}
    - target: {fileID: 6526889437101484658, guid: d6d7817a8ce5ac44a8c49461a6f3a2e4,
        type: 3}
      propertyPath: m_LocalRotation.z
      value: 0
      objectReference: {fileID: 0}
    - target: {fileID: 6526889437101484658, guid: d6d7817a8ce5ac44a8c49461a6f3a2e4,
        type: 3}
      propertyPath: m_LocalRotation.w
      value: 1
      objectReference: {fileID: 0}
    - target: {fileID: 6526889437101484658, guid: d6d7817a8ce5ac44a8c49461a6f3a2e4,
        type: 3}
      propertyPath: m_RootOrder
      value: 7
      objectReference: {fileID: 0}
    - target: {fileID: 6526889437101484658, guid: d6d7817a8ce5ac44a8c49461a6f3a2e4,
        type: 3}
      propertyPath: m_LocalEulerAnglesHint.x
      value: 0
      objectReference: {fileID: 0}
    - target: {fileID: 6526889437101484658, guid: d6d7817a8ce5ac44a8c49461a6f3a2e4,
        type: 3}
      propertyPath: m_LocalEulerAnglesHint.y
      value: 0
      objectReference: {fileID: 0}
    - target: {fileID: 6526889437101484658, guid: d6d7817a8ce5ac44a8c49461a6f3a2e4,
        type: 3}
      propertyPath: m_LocalEulerAnglesHint.z
      value: 0
      objectReference: {fileID: 0}
    m_RemovedComponents: []
  m_SourcePrefab: {fileID: 100100000, guid: d6d7817a8ce5ac44a8c49461a6f3a2e4, type: 3}
--- !u!4 &1013645245636170380 stripped
Transform:
  m_CorrespondingSourceObject: {fileID: 6526889437101484658, guid: d6d7817a8ce5ac44a8c49461a6f3a2e4,
    type: 3}
  m_PrefabInstance: {fileID: 6090304472087967998}
  m_PrefabAsset: {fileID: 0}
--- !u!1001 &6573081311358123922
PrefabInstance:
  m_ObjectHideFlags: 0
  serializedVersion: 2
  m_Modification:
    m_TransformParent: {fileID: 4361776016863702724}
    m_Modifications:
    - target: {fileID: 6526889437101127250, guid: d6d7817a8ce5ac44a8c49461a6f3a2e4,
        type: 3}
      propertyPath: m_Name
      value: NormalRoomTile (12)
      objectReference: {fileID: 0}
    - target: {fileID: 6526889437101484658, guid: d6d7817a8ce5ac44a8c49461a6f3a2e4,
        type: 3}
      propertyPath: m_LocalPosition.x
      value: -2
      objectReference: {fileID: 0}
    - target: {fileID: 6526889437101484658, guid: d6d7817a8ce5ac44a8c49461a6f3a2e4,
        type: 3}
      propertyPath: m_LocalPosition.y
      value: 0
      objectReference: {fileID: 0}
    - target: {fileID: 6526889437101484658, guid: d6d7817a8ce5ac44a8c49461a6f3a2e4,
        type: 3}
      propertyPath: m_LocalPosition.z
      value: 10
      objectReference: {fileID: 0}
    - target: {fileID: 6526889437101484658, guid: d6d7817a8ce5ac44a8c49461a6f3a2e4,
        type: 3}
      propertyPath: m_LocalRotation.x
      value: 0
      objectReference: {fileID: 0}
    - target: {fileID: 6526889437101484658, guid: d6d7817a8ce5ac44a8c49461a6f3a2e4,
        type: 3}
      propertyPath: m_LocalRotation.y
      value: 0
      objectReference: {fileID: 0}
    - target: {fileID: 6526889437101484658, guid: d6d7817a8ce5ac44a8c49461a6f3a2e4,
        type: 3}
      propertyPath: m_LocalRotation.z
      value: 0
      objectReference: {fileID: 0}
    - target: {fileID: 6526889437101484658, guid: d6d7817a8ce5ac44a8c49461a6f3a2e4,
        type: 3}
      propertyPath: m_LocalRotation.w
      value: 1
      objectReference: {fileID: 0}
    - target: {fileID: 6526889437101484658, guid: d6d7817a8ce5ac44a8c49461a6f3a2e4,
        type: 3}
      propertyPath: m_RootOrder
      value: 12
      objectReference: {fileID: 0}
    - target: {fileID: 6526889437101484658, guid: d6d7817a8ce5ac44a8c49461a6f3a2e4,
        type: 3}
      propertyPath: m_LocalEulerAnglesHint.x
      value: 0
      objectReference: {fileID: 0}
    - target: {fileID: 6526889437101484658, guid: d6d7817a8ce5ac44a8c49461a6f3a2e4,
        type: 3}
      propertyPath: m_LocalEulerAnglesHint.y
      value: 0
      objectReference: {fileID: 0}
    - target: {fileID: 6526889437101484658, guid: d6d7817a8ce5ac44a8c49461a6f3a2e4,
        type: 3}
      propertyPath: m_LocalEulerAnglesHint.z
      value: 0
      objectReference: {fileID: 0}
    m_RemovedComponents: []
  m_SourcePrefab: {fileID: 100100000, guid: d6d7817a8ce5ac44a8c49461a6f3a2e4, type: 3}
--- !u!4 &120592219968935392 stripped
Transform:
  m_CorrespondingSourceObject: {fileID: 6526889437101484658, guid: d6d7817a8ce5ac44a8c49461a6f3a2e4,
    type: 3}
  m_PrefabInstance: {fileID: 6573081311358123922}
  m_PrefabAsset: {fileID: 0}
--- !u!1001 &7246277467201100729
PrefabInstance:
  m_ObjectHideFlags: 0
  serializedVersion: 2
  m_Modification:
    m_TransformParent: {fileID: 4361776016863702724}
    m_Modifications:
    - target: {fileID: 6526889437101127250, guid: d6d7817a8ce5ac44a8c49461a6f3a2e4,
        type: 3}
      propertyPath: m_Name
      value: NormalRoomTile (1)
      objectReference: {fileID: 0}
    - target: {fileID: 6526889437101484658, guid: d6d7817a8ce5ac44a8c49461a6f3a2e4,
        type: 3}
      propertyPath: m_LocalPosition.x
      value: 2
      objectReference: {fileID: 0}
    - target: {fileID: 6526889437101484658, guid: d6d7817a8ce5ac44a8c49461a6f3a2e4,
        type: 3}
      propertyPath: m_LocalPosition.y
      value: 0
      objectReference: {fileID: 0}
    - target: {fileID: 6526889437101484658, guid: d6d7817a8ce5ac44a8c49461a6f3a2e4,
        type: 3}
      propertyPath: m_LocalPosition.z
      value: -2
      objectReference: {fileID: 0}
    - target: {fileID: 6526889437101484658, guid: d6d7817a8ce5ac44a8c49461a6f3a2e4,
        type: 3}
      propertyPath: m_LocalRotation.x
      value: 0
      objectReference: {fileID: 0}
    - target: {fileID: 6526889437101484658, guid: d6d7817a8ce5ac44a8c49461a6f3a2e4,
        type: 3}
      propertyPath: m_LocalRotation.y
      value: 0
      objectReference: {fileID: 0}
    - target: {fileID: 6526889437101484658, guid: d6d7817a8ce5ac44a8c49461a6f3a2e4,
        type: 3}
      propertyPath: m_LocalRotation.z
      value: 0
      objectReference: {fileID: 0}
    - target: {fileID: 6526889437101484658, guid: d6d7817a8ce5ac44a8c49461a6f3a2e4,
        type: 3}
      propertyPath: m_LocalRotation.w
      value: 1
      objectReference: {fileID: 0}
    - target: {fileID: 6526889437101484658, guid: d6d7817a8ce5ac44a8c49461a6f3a2e4,
        type: 3}
      propertyPath: m_RootOrder
      value: 1
      objectReference: {fileID: 0}
    - target: {fileID: 6526889437101484658, guid: d6d7817a8ce5ac44a8c49461a6f3a2e4,
        type: 3}
      propertyPath: m_LocalEulerAnglesHint.x
      value: 0
      objectReference: {fileID: 0}
    - target: {fileID: 6526889437101484658, guid: d6d7817a8ce5ac44a8c49461a6f3a2e4,
        type: 3}
      propertyPath: m_LocalEulerAnglesHint.y
      value: 0
      objectReference: {fileID: 0}
    - target: {fileID: 6526889437101484658, guid: d6d7817a8ce5ac44a8c49461a6f3a2e4,
        type: 3}
      propertyPath: m_LocalEulerAnglesHint.z
      value: 0
      objectReference: {fileID: 0}
    m_RemovedComponents: []
  m_SourcePrefab: {fileID: 100100000, guid: d6d7817a8ce5ac44a8c49461a6f3a2e4, type: 3}
--- !u!4 &4475409980951802315 stripped
Transform:
  m_CorrespondingSourceObject: {fileID: 6526889437101484658, guid: d6d7817a8ce5ac44a8c49461a6f3a2e4,
    type: 3}
  m_PrefabInstance: {fileID: 7246277467201100729}
  m_PrefabAsset: {fileID: 0}
--- !u!1001 &7879246958326343887
PrefabInstance:
  m_ObjectHideFlags: 0
  serializedVersion: 2
  m_Modification:
    m_TransformParent: {fileID: 4361776016863702724}
    m_Modifications:
    - target: {fileID: 6526889437101127250, guid: d6d7817a8ce5ac44a8c49461a6f3a2e4,
        type: 3}
      propertyPath: m_Name
      value: NormalRoomTile (15)
      objectReference: {fileID: 0}
    - target: {fileID: 6526889437101484658, guid: d6d7817a8ce5ac44a8c49461a6f3a2e4,
        type: 3}
      propertyPath: m_LocalPosition.x
      value: 10
      objectReference: {fileID: 0}
    - target: {fileID: 6526889437101484658, guid: d6d7817a8ce5ac44a8c49461a6f3a2e4,
        type: 3}
      propertyPath: m_LocalPosition.y
      value: 0
      objectReference: {fileID: 0}
    - target: {fileID: 6526889437101484658, guid: d6d7817a8ce5ac44a8c49461a6f3a2e4,
        type: 3}
      propertyPath: m_LocalPosition.z
      value: 10
      objectReference: {fileID: 0}
    - target: {fileID: 6526889437101484658, guid: d6d7817a8ce5ac44a8c49461a6f3a2e4,
        type: 3}
      propertyPath: m_LocalRotation.x
      value: 0
      objectReference: {fileID: 0}
    - target: {fileID: 6526889437101484658, guid: d6d7817a8ce5ac44a8c49461a6f3a2e4,
        type: 3}
      propertyPath: m_LocalRotation.y
      value: 0
      objectReference: {fileID: 0}
    - target: {fileID: 6526889437101484658, guid: d6d7817a8ce5ac44a8c49461a6f3a2e4,
        type: 3}
      propertyPath: m_LocalRotation.z
      value: 0
      objectReference: {fileID: 0}
    - target: {fileID: 6526889437101484658, guid: d6d7817a8ce5ac44a8c49461a6f3a2e4,
        type: 3}
      propertyPath: m_LocalRotation.w
      value: 1
      objectReference: {fileID: 0}
    - target: {fileID: 6526889437101484658, guid: d6d7817a8ce5ac44a8c49461a6f3a2e4,
        type: 3}
      propertyPath: m_RootOrder
      value: 15
      objectReference: {fileID: 0}
    - target: {fileID: 6526889437101484658, guid: d6d7817a8ce5ac44a8c49461a6f3a2e4,
        type: 3}
      propertyPath: m_LocalEulerAnglesHint.x
      value: 0
      objectReference: {fileID: 0}
    - target: {fileID: 6526889437101484658, guid: d6d7817a8ce5ac44a8c49461a6f3a2e4,
        type: 3}
      propertyPath: m_LocalEulerAnglesHint.y
      value: 0
      objectReference: {fileID: 0}
    - target: {fileID: 6526889437101484658, guid: d6d7817a8ce5ac44a8c49461a6f3a2e4,
        type: 3}
      propertyPath: m_LocalEulerAnglesHint.z
      value: 0
      objectReference: {fileID: 0}
    m_RemovedComponents: []
  m_SourcePrefab: {fileID: 100100000, guid: d6d7817a8ce5ac44a8c49461a6f3a2e4, type: 3}
--- !u!4 &4020762291819545277 stripped
Transform:
  m_CorrespondingSourceObject: {fileID: 6526889437101484658, guid: d6d7817a8ce5ac44a8c49461a6f3a2e4,
    type: 3}
  m_PrefabInstance: {fileID: 7879246958326343887}
  m_PrefabAsset: {fileID: 0}
