%YAML 1.1
%TAG !u! tag:unity3d.com,2011:
--- !u!1 &4116643464935786748
GameObject:
  m_ObjectHideFlags: 0
  m_CorrespondingSourceObject: {fileID: 0}
  m_PrefabInstance: {fileID: 0}
  m_PrefabAsset: {fileID: 0}
  serializedVersion: 6
  m_Component:
  - component: {fileID: 4116643464935786739}
  - component: {fileID: 4116643464935786738}
  m_Layer: 0
  m_Name: StoneSpawner
  m_TagString: Untagged
  m_Icon: {fileID: 0}
  m_NavMeshLayer: 0
  m_StaticEditorFlags: 0
  m_IsActive: 1
--- !u!4 &4116643464935786739
Transform:
  m_ObjectHideFlags: 0
  m_CorrespondingSourceObject: {fileID: 0}
  m_PrefabInstance: {fileID: 0}
  m_PrefabAsset: {fileID: 0}
  m_GameObject: {fileID: 4116643464935786748}
  m_LocalRotation: {x: -0, y: -0, z: -0, w: 1}
  m_LocalPosition: {x: -23.82342, y: -28.405338, z: 135.66832}
  m_LocalScale: {x: 1, y: 1, z: 1}
  m_Children:
  - {fileID: 1032609105755248732}
  - {fileID: 4276193970260311990}
  - {fileID: 3290531900700284587}
  - {fileID: 1392232611009454738}
  - {fileID: 7660499187274133436}
  m_Father: {fileID: 0}
  m_RootOrder: 0
  m_LocalEulerAnglesHint: {x: 0, y: 0, z: 0}
--- !u!114 &4116643464935786738
MonoBehaviour:
  m_ObjectHideFlags: 0
  m_CorrespondingSourceObject: {fileID: 0}
  m_PrefabInstance: {fileID: 0}
  m_PrefabAsset: {fileID: 0}
  m_GameObject: {fileID: 4116643464935786748}
  m_Enabled: 1
  m_EditorHideFlags: 0
  m_Script: {fileID: 11500000, guid: b9d015913e09eb3429309789ba4a4510, type: 3}
  m_Name: 
  m_EditorClassIdentifier: 
--- !u!1001 &1652984124404416551
PrefabInstance:
  m_ObjectHideFlags: 0
  serializedVersion: 2
  m_Modification:
    m_TransformParent: {fileID: 4116643464935786739}
    m_Modifications:
    - target: {fileID: 8982603488162091023, guid: 1cffb6be7f0602247af6fc4031991135,
        type: 3}
      propertyPath: m_Name
      value: ShockWave (4)
      objectReference: {fileID: 0}
    - target: {fileID: 8988933213457543067, guid: 1cffb6be7f0602247af6fc4031991135,
        type: 3}
      propertyPath: m_LocalPosition.x
      value: 0
      objectReference: {fileID: 0}
    - target: {fileID: 8988933213457543067, guid: 1cffb6be7f0602247af6fc4031991135,
        type: 3}
      propertyPath: m_LocalPosition.y
      value: 0
      objectReference: {fileID: 0}
    - target: {fileID: 8988933213457543067, guid: 1cffb6be7f0602247af6fc4031991135,
        type: 3}
      propertyPath: m_LocalPosition.z
      value: 0
      objectReference: {fileID: 0}
    - target: {fileID: 8988933213457543067, guid: 1cffb6be7f0602247af6fc4031991135,
        type: 3}
      propertyPath: m_LocalRotation.x
      value: 0
      objectReference: {fileID: 0}
    - target: {fileID: 8988933213457543067, guid: 1cffb6be7f0602247af6fc4031991135,
        type: 3}
      propertyPath: m_LocalRotation.y
      value: 0
      objectReference: {fileID: 0}
    - target: {fileID: 8988933213457543067, guid: 1cffb6be7f0602247af6fc4031991135,
        type: 3}
      propertyPath: m_LocalRotation.z
      value: 0
      objectReference: {fileID: 0}
    - target: {fileID: 8988933213457543067, guid: 1cffb6be7f0602247af6fc4031991135,
        type: 3}
      propertyPath: m_LocalRotation.w
      value: 1
      objectReference: {fileID: 0}
    - target: {fileID: 8988933213457543067, guid: 1cffb6be7f0602247af6fc4031991135,
        type: 3}
      propertyPath: m_RootOrder
      value: 4
      objectReference: {fileID: 0}
    - target: {fileID: 8988933213457543067, guid: 1cffb6be7f0602247af6fc4031991135,
        type: 3}
      propertyPath: m_LocalEulerAnglesHint.x
      value: 0
      objectReference: {fileID: 0}
    - target: {fileID: 8988933213457543067, guid: 1cffb6be7f0602247af6fc4031991135,
        type: 3}
      propertyPath: m_LocalEulerAnglesHint.y
      value: 0
      objectReference: {fileID: 0}
    - target: {fileID: 8988933213457543067, guid: 1cffb6be7f0602247af6fc4031991135,
        type: 3}
      propertyPath: m_LocalEulerAnglesHint.z
      value: 0
      objectReference: {fileID: 0}
    m_RemovedComponents: []
  m_SourcePrefab: {fileID: 100100000, guid: 1cffb6be7f0602247af6fc4031991135, type: 3}
--- !u!4 &7660499187274133436 stripped
Transform:
  m_CorrespondingSourceObject: {fileID: 8988933213457543067, guid: 1cffb6be7f0602247af6fc4031991135,
    type: 3}
  m_PrefabInstance: {fileID: 1652984124404416551}
  m_PrefabAsset: {fileID: 0}
--- !u!1001 &5181124068192063533
PrefabInstance:
  m_ObjectHideFlags: 0
  serializedVersion: 2
  m_Modification:
    m_TransformParent: {fileID: 4116643464935786739}
    m_Modifications:
    - target: {fileID: 8982603488162091023, guid: 1cffb6be7f0602247af6fc4031991135,
        type: 3}
      propertyPath: m_Name
      value: ShockWave (1)
      objectReference: {fileID: 0}
    - target: {fileID: 8988933213457543067, guid: 1cffb6be7f0602247af6fc4031991135,
        type: 3}
      propertyPath: m_LocalPosition.x
      value: 0
      objectReference: {fileID: 0}
    - target: {fileID: 8988933213457543067, guid: 1cffb6be7f0602247af6fc4031991135,
        type: 3}
      propertyPath: m_LocalPosition.y
      value: 0
      objectReference: {fileID: 0}
    - target: {fileID: 8988933213457543067, guid: 1cffb6be7f0602247af6fc4031991135,
        type: 3}
      propertyPath: m_LocalPosition.z
      value: 0
      objectReference: {fileID: 0}
    - target: {fileID: 8988933213457543067, guid: 1cffb6be7f0602247af6fc4031991135,
        type: 3}
      propertyPath: m_LocalRotation.x
      value: 0
      objectReference: {fileID: 0}
    - target: {fileID: 8988933213457543067, guid: 1cffb6be7f0602247af6fc4031991135,
        type: 3}
      propertyPath: m_LocalRotation.y
      value: 0
      objectReference: {fileID: 0}
    - target: {fileID: 8988933213457543067, guid: 1cffb6be7f0602247af6fc4031991135,
        type: 3}
      propertyPath: m_LocalRotation.z
      value: 0
      objectReference: {fileID: 0}
    - target: {fileID: 8988933213457543067, guid: 1cffb6be7f0602247af6fc4031991135,
        type: 3}
      propertyPath: m_LocalRotation.w
      value: 1
      objectReference: {fileID: 0}
    - target: {fileID: 8988933213457543067, guid: 1cffb6be7f0602247af6fc4031991135,
        type: 3}
      propertyPath: m_RootOrder
      value: 1
      objectReference: {fileID: 0}
    - target: {fileID: 8988933213457543067, guid: 1cffb6be7f0602247af6fc4031991135,
        type: 3}
      propertyPath: m_LocalEulerAnglesHint.x
      value: 0
      objectReference: {fileID: 0}
    - target: {fileID: 8988933213457543067, guid: 1cffb6be7f0602247af6fc4031991135,
        type: 3}
      propertyPath: m_LocalEulerAnglesHint.y
      value: 0
      objectReference: {fileID: 0}
    - target: {fileID: 8988933213457543067, guid: 1cffb6be7f0602247af6fc4031991135,
        type: 3}
      propertyPath: m_LocalEulerAnglesHint.z
      value: 0
      objectReference: {fileID: 0}
    m_RemovedComponents: []
  m_SourcePrefab: {fileID: 100100000, guid: 1cffb6be7f0602247af6fc4031991135, type: 3}
--- !u!4 &4276193970260311990 stripped
Transform:
  m_CorrespondingSourceObject: {fileID: 8988933213457543067, guid: 1cffb6be7f0602247af6fc4031991135,
    type: 3}
  m_PrefabInstance: {fileID: 5181124068192063533}
  m_PrefabAsset: {fileID: 0}
--- !u!1001 &5842657961151576368
PrefabInstance:
  m_ObjectHideFlags: 0
  serializedVersion: 2
  m_Modification:
    m_TransformParent: {fileID: 4116643464935786739}
    m_Modifications:
    - target: {fileID: 8982603488162091023, guid: 1cffb6be7f0602247af6fc4031991135,
        type: 3}
      propertyPath: m_Name
      value: ShockWave (2)
      objectReference: {fileID: 0}
    - target: {fileID: 8988933213457543067, guid: 1cffb6be7f0602247af6fc4031991135,
        type: 3}
      propertyPath: m_LocalPosition.x
      value: 0
      objectReference: {fileID: 0}
    - target: {fileID: 8988933213457543067, guid: 1cffb6be7f0602247af6fc4031991135,
        type: 3}
      propertyPath: m_LocalPosition.y
      value: 0
      objectReference: {fileID: 0}
    - target: {fileID: 8988933213457543067, guid: 1cffb6be7f0602247af6fc4031991135,
        type: 3}
      propertyPath: m_LocalPosition.z
      value: 0
      objectReference: {fileID: 0}
    - target: {fileID: 8988933213457543067, guid: 1cffb6be7f0602247af6fc4031991135,
        type: 3}
      propertyPath: m_LocalRotation.x
      value: 0
      objectReference: {fileID: 0}
    - target: {fileID: 8988933213457543067, guid: 1cffb6be7f0602247af6fc4031991135,
        type: 3}
      propertyPath: m_LocalRotation.y
      value: 0
      objectReference: {fileID: 0}
    - target: {fileID: 8988933213457543067, guid: 1cffb6be7f0602247af6fc4031991135,
        type: 3}
      propertyPath: m_LocalRotation.z
      value: 0
      objectReference: {fileID: 0}
    - target: {fileID: 8988933213457543067, guid: 1cffb6be7f0602247af6fc4031991135,
        type: 3}
      propertyPath: m_LocalRotation.w
      value: 1
      objectReference: {fileID: 0}
    - target: {fileID: 8988933213457543067, guid: 1cffb6be7f0602247af6fc4031991135,
        type: 3}
      propertyPath: m_RootOrder
      value: 2
      objectReference: {fileID: 0}
    - target: {fileID: 8988933213457543067, guid: 1cffb6be7f0602247af6fc4031991135,
        type: 3}
      propertyPath: m_LocalEulerAnglesHint.x
      value: 0
      objectReference: {fileID: 0}
    - target: {fileID: 8988933213457543067, guid: 1cffb6be7f0602247af6fc4031991135,
        type: 3}
      propertyPath: m_LocalEulerAnglesHint.y
      value: 0
      objectReference: {fileID: 0}
    - target: {fileID: 8988933213457543067, guid: 1cffb6be7f0602247af6fc4031991135,
        type: 3}
      propertyPath: m_LocalEulerAnglesHint.z
      value: 0
      objectReference: {fileID: 0}
    m_RemovedComponents: []
  m_SourcePrefab: {fileID: 100100000, guid: 1cffb6be7f0602247af6fc4031991135, type: 3}
--- !u!4 &3290531900700284587 stripped
Transform:
  m_CorrespondingSourceObject: {fileID: 8988933213457543067, guid: 1cffb6be7f0602247af6fc4031991135,
    type: 3}
  m_PrefabInstance: {fileID: 5842657961151576368}
  m_PrefabAsset: {fileID: 0}
--- !u!1001 &8065154250070953225
PrefabInstance:
  m_ObjectHideFlags: 0
  serializedVersion: 2
  m_Modification:
    m_TransformParent: {fileID: 4116643464935786739}
    m_Modifications:
    - target: {fileID: 8982603488162091023, guid: 1cffb6be7f0602247af6fc4031991135,
        type: 3}
      propertyPath: m_Name
      value: ShockWave (3)
      objectReference: {fileID: 0}
    - target: {fileID: 8988933213457543067, guid: 1cffb6be7f0602247af6fc4031991135,
        type: 3}
      propertyPath: m_LocalPosition.x
      value: 0
      objectReference: {fileID: 0}
    - target: {fileID: 8988933213457543067, guid: 1cffb6be7f0602247af6fc4031991135,
        type: 3}
      propertyPath: m_LocalPosition.y
      value: 0
      objectReference: {fileID: 0}
    - target: {fileID: 8988933213457543067, guid: 1cffb6be7f0602247af6fc4031991135,
        type: 3}
      propertyPath: m_LocalPosition.z
      value: 0
      objectReference: {fileID: 0}
    - target: {fileID: 8988933213457543067, guid: 1cffb6be7f0602247af6fc4031991135,
        type: 3}
      propertyPath: m_LocalRotation.x
      value: 0
      objectReference: {fileID: 0}
    - target: {fileID: 8988933213457543067, guid: 1cffb6be7f0602247af6fc4031991135,
        type: 3}
      propertyPath: m_LocalRotation.y
      value: 0
      objectReference: {fileID: 0}
    - target: {fileID: 8988933213457543067, guid: 1cffb6be7f0602247af6fc4031991135,
        type: 3}
      propertyPath: m_LocalRotation.z
      value: 0
      objectReference: {fileID: 0}
    - target: {fileID: 8988933213457543067, guid: 1cffb6be7f0602247af6fc4031991135,
        type: 3}
      propertyPath: m_LocalRotation.w
      value: 1
      objectReference: {fileID: 0}
    - target: {fileID: 8988933213457543067, guid: 1cffb6be7f0602247af6fc4031991135,
        type: 3}
      propertyPath: m_RootOrder
      value: 3
      objectReference: {fileID: 0}
    - target: {fileID: 8988933213457543067, guid: 1cffb6be7f0602247af6fc4031991135,
        type: 3}
      propertyPath: m_LocalEulerAnglesHint.x
      value: 0
      objectReference: {fileID: 0}
    - target: {fileID: 8988933213457543067, guid: 1cffb6be7f0602247af6fc4031991135,
        type: 3}
      propertyPath: m_LocalEulerAnglesHint.y
      value: 0
      objectReference: {fileID: 0}
    - target: {fileID: 8988933213457543067, guid: 1cffb6be7f0602247af6fc4031991135,
        type: 3}
      propertyPath: m_LocalEulerAnglesHint.z
      value: 0
      objectReference: {fileID: 0}
    m_RemovedComponents: []
  m_SourcePrefab: {fileID: 100100000, guid: 1cffb6be7f0602247af6fc4031991135, type: 3}
--- !u!4 &1392232611009454738 stripped
Transform:
  m_CorrespondingSourceObject: {fileID: 8988933213457543067, guid: 1cffb6be7f0602247af6fc4031991135,
    type: 3}
  m_PrefabInstance: {fileID: 8065154250070953225}
  m_PrefabAsset: {fileID: 0}
--- !u!1001 &8280865873753339847
PrefabInstance:
  m_ObjectHideFlags: 0
  serializedVersion: 2
  m_Modification:
    m_TransformParent: {fileID: 4116643464935786739}
    m_Modifications:
    - target: {fileID: 8982603488162091023, guid: 1cffb6be7f0602247af6fc4031991135,
        type: 3}
      propertyPath: m_Name
      value: ShockWave
      objectReference: {fileID: 0}
    - target: {fileID: 8988933213457543067, guid: 1cffb6be7f0602247af6fc4031991135,
        type: 3}
      propertyPath: m_LocalPosition.x
      value: 0
      objectReference: {fileID: 0}
    - target: {fileID: 8988933213457543067, guid: 1cffb6be7f0602247af6fc4031991135,
        type: 3}
      propertyPath: m_LocalPosition.y
      value: 0
      objectReference: {fileID: 0}
    - target: {fileID: 8988933213457543067, guid: 1cffb6be7f0602247af6fc4031991135,
        type: 3}
      propertyPath: m_LocalPosition.z
      value: 0
      objectReference: {fileID: 0}
    - target: {fileID: 8988933213457543067, guid: 1cffb6be7f0602247af6fc4031991135,
        type: 3}
      propertyPath: m_LocalRotation.x
      value: 0
      objectReference: {fileID: 0}
    - target: {fileID: 8988933213457543067, guid: 1cffb6be7f0602247af6fc4031991135,
        type: 3}
      propertyPath: m_LocalRotation.y
      value: 0
      objectReference: {fileID: 0}
    - target: {fileID: 8988933213457543067, guid: 1cffb6be7f0602247af6fc4031991135,
        type: 3}
      propertyPath: m_LocalRotation.z
      value: 0
      objectReference: {fileID: 0}
    - target: {fileID: 8988933213457543067, guid: 1cffb6be7f0602247af6fc4031991135,
        type: 3}
      propertyPath: m_LocalRotation.w
      value: 1
      objectReference: {fileID: 0}
    - target: {fileID: 8988933213457543067, guid: 1cffb6be7f0602247af6fc4031991135,
        type: 3}
      propertyPath: m_RootOrder
      value: 0
      objectReference: {fileID: 0}
    - target: {fileID: 8988933213457543067, guid: 1cffb6be7f0602247af6fc4031991135,
        type: 3}
      propertyPath: m_LocalEulerAnglesHint.x
      value: 0
      objectReference: {fileID: 0}
    - target: {fileID: 8988933213457543067, guid: 1cffb6be7f0602247af6fc4031991135,
        type: 3}
      propertyPath: m_LocalEulerAnglesHint.y
      value: 0
      objectReference: {fileID: 0}
    - target: {fileID: 8988933213457543067, guid: 1cffb6be7f0602247af6fc4031991135,
        type: 3}
      propertyPath: m_LocalEulerAnglesHint.z
      value: 0
      objectReference: {fileID: 0}
    m_RemovedComponents: []
  m_SourcePrefab: {fileID: 100100000, guid: 1cffb6be7f0602247af6fc4031991135, type: 3}
--- !u!4 &1032609105755248732 stripped
Transform:
  m_CorrespondingSourceObject: {fileID: 8988933213457543067, guid: 1cffb6be7f0602247af6fc4031991135,
    type: 3}
  m_PrefabInstance: {fileID: 8280865873753339847}
  m_PrefabAsset: {fileID: 0}
