%YAML 1.1
%TAG !u! tag:unity3d.com,2011:
--- !u!1 &5572135949640941983
GameObject:
  m_ObjectHideFlags: 0
  m_CorrespondingSourceObject: {fileID: 0}
  m_PrefabInstance: {fileID: 0}
  m_PrefabAsset: {fileID: 0}
  serializedVersion: 6
  m_Component:
  - component: {fileID: 5731408638402151308}
  - component: {fileID: 6851421665598898867}
  m_Layer: 0
  m_Name: HelpCaller
  m_TagString: Untagged
  m_Icon: {fileID: 0}
  m_NavMeshLayer: 0
  m_StaticEditorFlags: 0
  m_IsActive: 1
--- !u!4 &5731408638402151308
Transform:
  m_ObjectHideFlags: 0
  m_CorrespondingSourceObject: {fileID: 0}
  m_PrefabInstance: {fileID: 0}
  m_PrefabAsset: {fileID: 0}
  m_GameObject: {fileID: 5572135949640941983}
  m_LocalRotation: {x: -0, y: -0, z: -0, w: 1}
  m_LocalPosition: {x: 2.7685633, y: 3.0682664, z: 6.762886}
  m_LocalScale: {x: 1, y: 1, z: 1}
  m_Children: []
  m_Father: {fileID: 928530644005479292}
  m_RootOrder: 3
  m_LocalEulerAnglesHint: {x: 0, y: 0, z: 0}
--- !u!114 &6851421665598898867
MonoBehaviour:
  m_ObjectHideFlags: 0
  m_CorrespondingSourceObject: {fileID: 0}
  m_PrefabInstance: {fileID: 0}
  m_PrefabAsset: {fileID: 0}
  m_GameObject: {fileID: 5572135949640941983}
  m_Enabled: 1
  m_EditorHideFlags: 0
  m_Script: {fileID: 11500000, guid: 4b08c3dfe864d3343852e69663218a0f, type: 3}
  m_Name: 
  m_EditorClassIdentifier: 
--- !u!1 &8303568114517720947
GameObject:
  m_ObjectHideFlags: 0
  m_CorrespondingSourceObject: {fileID: 0}
  m_PrefabInstance: {fileID: 0}
  m_PrefabAsset: {fileID: 0}
  serializedVersion: 6
  m_Component:
  - component: {fileID: 8705435123340415021}
  m_Layer: 0
  m_Name: Wall
  m_TagString: Untagged
  m_Icon: {fileID: 0}
  m_NavMeshLayer: 0
  m_StaticEditorFlags: 0
  m_IsActive: 1
--- !u!4 &8705435123340415021
Transform:
  m_ObjectHideFlags: 0
  m_CorrespondingSourceObject: {fileID: 0}
  m_PrefabInstance: {fileID: 0}
  m_PrefabAsset: {fileID: 0}
  m_GameObject: {fileID: 8303568114517720947}
  m_LocalRotation: {x: -0, y: -0, z: -0, w: 1}
  m_LocalPosition: {x: 0, y: 0, z: 0}
  m_LocalScale: {x: 1, y: 1, z: 1}
  m_Children:
  - {fileID: 1414350400203965503}
  - {fileID: 6771610867584829865}
  - {fileID: 1929600057500587096}
  - {fileID: 3218358485282462847}
  m_Father: {fileID: 928530644005479292}
  m_RootOrder: 2
  m_LocalEulerAnglesHint: {x: 0, y: 0, z: 0}
--- !u!1 &8768368012186620613
GameObject:
  m_ObjectHideFlags: 0
  m_CorrespondingSourceObject: {fileID: 0}
  m_PrefabInstance: {fileID: 0}
  m_PrefabAsset: {fileID: 0}
  serializedVersion: 6
  m_Component:
  - component: {fileID: 928530644005479292}
  m_Layer: 0
  m_Name: StartRoomTutorial
  m_TagString: DeleteRoom
  m_Icon: {fileID: 0}
  m_NavMeshLayer: 0
  m_StaticEditorFlags: 0
  m_IsActive: 1
--- !u!4 &928530644005479292
Transform:
  m_ObjectHideFlags: 0
  m_CorrespondingSourceObject: {fileID: 0}
  m_PrefabInstance: {fileID: 0}
  m_PrefabAsset: {fileID: 0}
  m_GameObject: {fileID: 8768368012186620613}
  m_LocalRotation: {x: 0, y: 0, z: 0, w: 1}
  m_LocalPosition: {x: 0, y: 0, z: 0}
  m_LocalScale: {x: 1, y: 1, z: 1}
  m_Children:
  - {fileID: 7620447710993474864}
  - {fileID: 311436337017839111}
  - {fileID: 8705435123340415021}
  - {fileID: 5731408638402151308}
  m_Father: {fileID: 0}
  m_RootOrder: 0
  m_LocalEulerAnglesHint: {x: 0, y: 0, z: 0}
--- !u!1001 &1194190600915837683
PrefabInstance:
  m_ObjectHideFlags: 0
  serializedVersion: 2
  m_Modification:
    m_TransformParent: {fileID: 928530644005479292}
    m_Modifications:
    - target: {fileID: 1314570322712284133, guid: 5eb6c34251b179342abda26a92d869dd,
        type: 3}
      propertyPath: m_textInfo.characterCount
      value: 8
      objectReference: {fileID: 0}
    - target: {fileID: 1314570322712284133, guid: 5eb6c34251b179342abda26a92d869dd,
        type: 3}
      propertyPath: m_textInfo.spaceCount
      value: 1
      objectReference: {fileID: 0}
    - target: {fileID: 1314570322712284133, guid: 5eb6c34251b179342abda26a92d869dd,
        type: 3}
      propertyPath: m_textInfo.wordCount
      value: 2
      objectReference: {fileID: 0}
    - target: {fileID: 1314570322712284133, guid: 5eb6c34251b179342abda26a92d869dd,
        type: 3}
      propertyPath: m_textInfo.lineCount
      value: 1
      objectReference: {fileID: 0}
    - target: {fileID: 1314570322712284133, guid: 5eb6c34251b179342abda26a92d869dd,
        type: 3}
      propertyPath: m_textInfo.pageCount
      value: 1
      objectReference: {fileID: 0}
    - target: {fileID: 1314570322712284133, guid: 5eb6c34251b179342abda26a92d869dd,
        type: 3}
      propertyPath: m_textInfo.materialCount
      value: 2
      objectReference: {fileID: 0}
    - target: {fileID: 1495458635070455028, guid: 5eb6c34251b179342abda26a92d869dd,
        type: 3}
      propertyPath: m_LocalPosition.x
      value: 0
      objectReference: {fileID: 0}
    - target: {fileID: 1495458635070455028, guid: 5eb6c34251b179342abda26a92d869dd,
        type: 3}
      propertyPath: m_LocalPosition.y
      value: 0
      objectReference: {fileID: 0}
    - target: {fileID: 1495458635070455028, guid: 5eb6c34251b179342abda26a92d869dd,
        type: 3}
      propertyPath: m_LocalPosition.z
      value: 0
      objectReference: {fileID: 0}
    - target: {fileID: 1495458635070455028, guid: 5eb6c34251b179342abda26a92d869dd,
        type: 3}
      propertyPath: m_LocalRotation.x
      value: 0
      objectReference: {fileID: 0}
    - target: {fileID: 1495458635070455028, guid: 5eb6c34251b179342abda26a92d869dd,
        type: 3}
      propertyPath: m_LocalRotation.y
      value: 0
      objectReference: {fileID: 0}
    - target: {fileID: 1495458635070455028, guid: 5eb6c34251b179342abda26a92d869dd,
        type: 3}
      propertyPath: m_LocalRotation.z
      value: 0
      objectReference: {fileID: 0}
    - target: {fileID: 1495458635070455028, guid: 5eb6c34251b179342abda26a92d869dd,
        type: 3}
      propertyPath: m_LocalRotation.w
      value: 1
      objectReference: {fileID: 0}
    - target: {fileID: 1495458635070455028, guid: 5eb6c34251b179342abda26a92d869dd,
        type: 3}
      propertyPath: m_RootOrder
      value: 1
      objectReference: {fileID: 0}
    - target: {fileID: 1495458635070455028, guid: 5eb6c34251b179342abda26a92d869dd,
        type: 3}
      propertyPath: m_LocalEulerAnglesHint.x
      value: 0
      objectReference: {fileID: 0}
    - target: {fileID: 1495458635070455028, guid: 5eb6c34251b179342abda26a92d869dd,
        type: 3}
      propertyPath: m_LocalEulerAnglesHint.y
      value: 0
      objectReference: {fileID: 0}
    - target: {fileID: 1495458635070455028, guid: 5eb6c34251b179342abda26a92d869dd,
        type: 3}
      propertyPath: m_LocalEulerAnglesHint.z
      value: 0
      objectReference: {fileID: 0}
    - target: {fileID: 2346829191072855287, guid: 5eb6c34251b179342abda26a92d869dd,
        type: 3}
      propertyPath: m_Material
      value: 
      objectReference: {fileID: 0}
    - target: {fileID: 2346829191072855287, guid: 5eb6c34251b179342abda26a92d869dd,
        type: 3}
      propertyPath: m_sharedMaterial
      value: 
      objectReference: {fileID: 0}
    - target: {fileID: 2607220074855094388, guid: 5eb6c34251b179342abda26a92d869dd,
        type: 3}
      propertyPath: m_LocalPosition.z
      value: 0
      objectReference: {fileID: 0}
    - target: {fileID: 2607220074855094388, guid: 5eb6c34251b179342abda26a92d869dd,
        type: 3}
      propertyPath: m_LocalPosition.x
      value: 0
      objectReference: {fileID: 0}
    - target: {fileID: 4182883306788294060, guid: 5eb6c34251b179342abda26a92d869dd,
        type: 3}
      propertyPath: m_Name
      value: NormalRoomPortalGroup
      objectReference: {fileID: 0}
    - target: {fileID: 4414974515292112629, guid: 5eb6c34251b179342abda26a92d869dd,
        type: 3}
      propertyPath: m_LocalPosition.z
      value: 8
      objectReference: {fileID: 0}
    - target: {fileID: 4983057575001931296, guid: 5eb6c34251b179342abda26a92d869dd,
        type: 3}
      propertyPath: m_Material
      value: 
      objectReference: {fileID: 0}
    - target: {fileID: 4983057575001931296, guid: 5eb6c34251b179342abda26a92d869dd,
        type: 3}
      propertyPath: m_sharedMaterial
      value: 
      objectReference: {fileID: 0}
    - target: {fileID: 5708930994560652636, guid: 5eb6c34251b179342abda26a92d869dd,
        type: 3}
      propertyPath: m_textInfo.characterCount
      value: 8
      objectReference: {fileID: 0}
    - target: {fileID: 5708930994560652636, guid: 5eb6c34251b179342abda26a92d869dd,
        type: 3}
      propertyPath: m_textInfo.spaceCount
      value: 1
      objectReference: {fileID: 0}
    - target: {fileID: 5708930994560652636, guid: 5eb6c34251b179342abda26a92d869dd,
        type: 3}
      propertyPath: m_textInfo.wordCount
      value: 2
      objectReference: {fileID: 0}
    - target: {fileID: 5708930994560652636, guid: 5eb6c34251b179342abda26a92d869dd,
        type: 3}
      propertyPath: m_textInfo.lineCount
      value: 1
      objectReference: {fileID: 0}
    - target: {fileID: 5708930994560652636, guid: 5eb6c34251b179342abda26a92d869dd,
        type: 3}
      propertyPath: m_textInfo.pageCount
      value: 1
      objectReference: {fileID: 0}
    - target: {fileID: 5708930994560652636, guid: 5eb6c34251b179342abda26a92d869dd,
        type: 3}
      propertyPath: m_textInfo.materialCount
      value: 2
      objectReference: {fileID: 0}
    - target: {fileID: 6655952687146221338, guid: 5eb6c34251b179342abda26a92d869dd,
        type: 3}
      propertyPath: m_LocalPosition.z
      value: 8
      objectReference: {fileID: 0}
    - target: {fileID: 6655952687146221338, guid: 5eb6c34251b179342abda26a92d869dd,
        type: 3}
      propertyPath: m_LocalPosition.x
      value: 4
      objectReference: {fileID: 0}
    - target: {fileID: 7935686593407980220, guid: 5eb6c34251b179342abda26a92d869dd,
        type: 3}
      propertyPath: m_LocalPosition.z
      value: 8
      objectReference: {fileID: 0}
    - target: {fileID: 7935686593407980220, guid: 5eb6c34251b179342abda26a92d869dd,
        type: 3}
      propertyPath: m_LocalPosition.x
      value: 8
      objectReference: {fileID: 0}
    - target: {fileID: 8613334947323461938, guid: 5eb6c34251b179342abda26a92d869dd,
        type: 3}
      propertyPath: m_textInfo.characterCount
      value: 8
      objectReference: {fileID: 0}
    - target: {fileID: 8613334947323461938, guid: 5eb6c34251b179342abda26a92d869dd,
        type: 3}
      propertyPath: m_textInfo.spaceCount
      value: 1
      objectReference: {fileID: 0}
    - target: {fileID: 8613334947323461938, guid: 5eb6c34251b179342abda26a92d869dd,
        type: 3}
      propertyPath: m_textInfo.wordCount
      value: 2
      objectReference: {fileID: 0}
    - target: {fileID: 8613334947323461938, guid: 5eb6c34251b179342abda26a92d869dd,
        type: 3}
      propertyPath: m_textInfo.lineCount
      value: 1
      objectReference: {fileID: 0}
    - target: {fileID: 8613334947323461938, guid: 5eb6c34251b179342abda26a92d869dd,
        type: 3}
      propertyPath: m_textInfo.pageCount
      value: 1
      objectReference: {fileID: 0}
    - target: {fileID: 8613334947323461938, guid: 5eb6c34251b179342abda26a92d869dd,
        type: 3}
      propertyPath: m_textInfo.materialCount
      value: 2
      objectReference: {fileID: 0}
    - target: {fileID: 9049390227329788494, guid: 5eb6c34251b179342abda26a92d869dd,
        type: 3}
      propertyPath: m_Material
      value: 
      objectReference: {fileID: 0}
    - target: {fileID: 9049390227329788494, guid: 5eb6c34251b179342abda26a92d869dd,
        type: 3}
      propertyPath: m_sharedMaterial
      value: 
      objectReference: {fileID: 0}
    m_RemovedComponents: []
  m_SourcePrefab: {fileID: 100100000, guid: 5eb6c34251b179342abda26a92d869dd, type: 3}
--- !u!4 &311436337017839111 stripped
Transform:
  m_CorrespondingSourceObject: {fileID: 1495458635070455028, guid: 5eb6c34251b179342abda26a92d869dd,
    type: 3}
  m_PrefabInstance: {fileID: 1194190600915837683}
  m_PrefabAsset: {fileID: 0}
--- !u!1001 &1249828773765220947
PrefabInstance:
  m_ObjectHideFlags: 0
  serializedVersion: 2
  m_Modification:
    m_TransformParent: {fileID: 8705435123340415021}
    m_Modifications:
    - target: {fileID: 4463541500230669868, guid: 4a6c43423ebfdfc4784a69caded670a8,
        type: 3}
      propertyPath: m_LocalPosition.x
      value: 8
      objectReference: {fileID: 0}
    - target: {fileID: 4463541500230669868, guid: 4a6c43423ebfdfc4784a69caded670a8,
        type: 3}
      propertyPath: m_LocalPosition.y
      value: 0
      objectReference: {fileID: 0}
    - target: {fileID: 4463541500230669868, guid: 4a6c43423ebfdfc4784a69caded670a8,
        type: 3}
      propertyPath: m_LocalPosition.z
      value: 0
      objectReference: {fileID: 0}
    - target: {fileID: 4463541500230669868, guid: 4a6c43423ebfdfc4784a69caded670a8,
        type: 3}
      propertyPath: m_LocalRotation.x
      value: 0
      objectReference: {fileID: 0}
    - target: {fileID: 4463541500230669868, guid: 4a6c43423ebfdfc4784a69caded670a8,
        type: 3}
      propertyPath: m_LocalRotation.y
      value: 0.7071068
      objectReference: {fileID: 0}
    - target: {fileID: 4463541500230669868, guid: 4a6c43423ebfdfc4784a69caded670a8,
        type: 3}
      propertyPath: m_LocalRotation.z
      value: -0
      objectReference: {fileID: 0}
    - target: {fileID: 4463541500230669868, guid: 4a6c43423ebfdfc4784a69caded670a8,
        type: 3}
      propertyPath: m_LocalRotation.w
      value: -0.7071068
      objectReference: {fileID: 0}
    - target: {fileID: 4463541500230669868, guid: 4a6c43423ebfdfc4784a69caded670a8,
        type: 3}
      propertyPath: m_RootOrder
      value: 3
      objectReference: {fileID: 0}
    - target: {fileID: 4463541500230669868, guid: 4a6c43423ebfdfc4784a69caded670a8,
        type: 3}
      propertyPath: m_LocalEulerAnglesHint.x
      value: 0
      objectReference: {fileID: 0}
    - target: {fileID: 4463541500230669868, guid: 4a6c43423ebfdfc4784a69caded670a8,
        type: 3}
      propertyPath: m_LocalEulerAnglesHint.y
      value: 270
      objectReference: {fileID: 0}
    - target: {fileID: 4463541500230669868, guid: 4a6c43423ebfdfc4784a69caded670a8,
        type: 3}
      propertyPath: m_LocalEulerAnglesHint.z
      value: 0
      objectReference: {fileID: 0}
    - target: {fileID: 8363985419897998521, guid: 4a6c43423ebfdfc4784a69caded670a8,
        type: 3}
      propertyPath: m_Name
      value: 2x4WallGroup (2)
      objectReference: {fileID: 0}
    m_RemovedComponents: []
  m_SourcePrefab: {fileID: 100100000, guid: 4a6c43423ebfdfc4784a69caded670a8, type: 3}
--- !u!4 &3218358485282462847 stripped
Transform:
  m_CorrespondingSourceObject: {fileID: 4463541500230669868, guid: 4a6c43423ebfdfc4784a69caded670a8,
    type: 3}
  m_PrefabInstance: {fileID: 1249828773765220947}
  m_PrefabAsset: {fileID: 0}
--- !u!1001 &2825725500609249908
PrefabInstance:
  m_ObjectHideFlags: 0
  serializedVersion: 2
  m_Modification:
    m_TransformParent: {fileID: 8705435123340415021}
    m_Modifications:
    - target: {fileID: 4463541500230669868, guid: 4a6c43423ebfdfc4784a69caded670a8,
        type: 3}
      propertyPath: m_LocalPosition.x
      value: 8
      objectReference: {fileID: 0}
    - target: {fileID: 4463541500230669868, guid: 4a6c43423ebfdfc4784a69caded670a8,
        type: 3}
      propertyPath: m_LocalPosition.y
      value: 0
      objectReference: {fileID: 0}
    - target: {fileID: 4463541500230669868, guid: 4a6c43423ebfdfc4784a69caded670a8,
        type: 3}
      propertyPath: m_LocalPosition.z
      value: 8
      objectReference: {fileID: 0}
    - target: {fileID: 4463541500230669868, guid: 4a6c43423ebfdfc4784a69caded670a8,
        type: 3}
      propertyPath: m_LocalRotation.x
      value: 0
      objectReference: {fileID: 0}
    - target: {fileID: 4463541500230669868, guid: 4a6c43423ebfdfc4784a69caded670a8,
        type: 3}
      propertyPath: m_LocalRotation.y
      value: 1
      objectReference: {fileID: 0}
    - target: {fileID: 4463541500230669868, guid: 4a6c43423ebfdfc4784a69caded670a8,
        type: 3}
      propertyPath: m_LocalRotation.z
      value: 0
      objectReference: {fileID: 0}
    - target: {fileID: 4463541500230669868, guid: 4a6c43423ebfdfc4784a69caded670a8,
        type: 3}
      propertyPath: m_LocalRotation.w
      value: 0
      objectReference: {fileID: 0}
    - target: {fileID: 4463541500230669868, guid: 4a6c43423ebfdfc4784a69caded670a8,
        type: 3}
      propertyPath: m_RootOrder
      value: 2
      objectReference: {fileID: 0}
    - target: {fileID: 4463541500230669868, guid: 4a6c43423ebfdfc4784a69caded670a8,
        type: 3}
      propertyPath: m_LocalEulerAnglesHint.x
      value: 0
      objectReference: {fileID: 0}
    - target: {fileID: 4463541500230669868, guid: 4a6c43423ebfdfc4784a69caded670a8,
        type: 3}
      propertyPath: m_LocalEulerAnglesHint.y
      value: 180
      objectReference: {fileID: 0}
    - target: {fileID: 4463541500230669868, guid: 4a6c43423ebfdfc4784a69caded670a8,
        type: 3}
      propertyPath: m_LocalEulerAnglesHint.z
      value: 0
      objectReference: {fileID: 0}
    - target: {fileID: 8363985419897998521, guid: 4a6c43423ebfdfc4784a69caded670a8,
        type: 3}
      propertyPath: m_Name
      value: 2x4WallGroup (1)
      objectReference: {fileID: 0}
    m_RemovedComponents: []
  m_SourcePrefab: {fileID: 100100000, guid: 4a6c43423ebfdfc4784a69caded670a8, type: 3}
--- !u!4 &1929600057500587096 stripped
Transform:
  m_CorrespondingSourceObject: {fileID: 4463541500230669868, guid: 4a6c43423ebfdfc4784a69caded670a8,
    type: 3}
  m_PrefabInstance: {fileID: 2825725500609249908}
  m_PrefabAsset: {fileID: 0}
--- !u!1001 &3337562505724580371
PrefabInstance:
  m_ObjectHideFlags: 0
  serializedVersion: 2
  m_Modification:
    m_TransformParent: {fileID: 8705435123340415021}
    m_Modifications:
    - target: {fileID: 4463541500230669868, guid: 4a6c43423ebfdfc4784a69caded670a8,
        type: 3}
      propertyPath: m_LocalPosition.x
      value: 0
      objectReference: {fileID: 0}
    - target: {fileID: 4463541500230669868, guid: 4a6c43423ebfdfc4784a69caded670a8,
        type: 3}
      propertyPath: m_LocalPosition.y
      value: 0
      objectReference: {fileID: 0}
    - target: {fileID: 4463541500230669868, guid: 4a6c43423ebfdfc4784a69caded670a8,
        type: 3}
      propertyPath: m_LocalPosition.z
      value: 0
      objectReference: {fileID: 0}
    - target: {fileID: 4463541500230669868, guid: 4a6c43423ebfdfc4784a69caded670a8,
        type: 3}
      propertyPath: m_LocalRotation.x
      value: -0
      objectReference: {fileID: 0}
    - target: {fileID: 4463541500230669868, guid: 4a6c43423ebfdfc4784a69caded670a8,
        type: 3}
      propertyPath: m_LocalRotation.y
      value: -0
      objectReference: {fileID: 0}
    - target: {fileID: 4463541500230669868, guid: 4a6c43423ebfdfc4784a69caded670a8,
        type: 3}
      propertyPath: m_LocalRotation.z
      value: -0
      objectReference: {fileID: 0}
    - target: {fileID: 4463541500230669868, guid: 4a6c43423ebfdfc4784a69caded670a8,
        type: 3}
      propertyPath: m_LocalRotation.w
      value: 1
      objectReference: {fileID: 0}
    - target: {fileID: 4463541500230669868, guid: 4a6c43423ebfdfc4784a69caded670a8,
        type: 3}
      propertyPath: m_RootOrder
      value: 0
      objectReference: {fileID: 0}
    - target: {fileID: 4463541500230669868, guid: 4a6c43423ebfdfc4784a69caded670a8,
        type: 3}
      propertyPath: m_LocalEulerAnglesHint.x
      value: 0
      objectReference: {fileID: 0}
    - target: {fileID: 4463541500230669868, guid: 4a6c43423ebfdfc4784a69caded670a8,
        type: 3}
      propertyPath: m_LocalEulerAnglesHint.y
      value: 0
      objectReference: {fileID: 0}
    - target: {fileID: 4463541500230669868, guid: 4a6c43423ebfdfc4784a69caded670a8,
        type: 3}
      propertyPath: m_LocalEulerAnglesHint.z
      value: 0
      objectReference: {fileID: 0}
    - target: {fileID: 4463541500230669868, guid: 4a6c43423ebfdfc4784a69caded670a8,
        type: 3}
      propertyPath: m_LocalScale.x
      value: 1
      objectReference: {fileID: 0}
    - target: {fileID: 4463541500230669868, guid: 4a6c43423ebfdfc4784a69caded670a8,
        type: 3}
      propertyPath: m_LocalScale.z
      value: 1
      objectReference: {fileID: 0}
    - target: {fileID: 8363985419897998521, guid: 4a6c43423ebfdfc4784a69caded670a8,
        type: 3}
      propertyPath: m_Name
      value: WallGroup
      objectReference: {fileID: 0}
    m_RemovedComponents: []
  m_SourcePrefab: {fileID: 100100000, guid: 4a6c43423ebfdfc4784a69caded670a8, type: 3}
--- !u!4 &1414350400203965503 stripped
Transform:
  m_CorrespondingSourceObject: {fileID: 4463541500230669868, guid: 4a6c43423ebfdfc4784a69caded670a8,
    type: 3}
  m_PrefabInstance: {fileID: 3337562505724580371}
  m_PrefabAsset: {fileID: 0}
--- !u!1001 &6145549802002107380
PrefabInstance:
  m_ObjectHideFlags: 0
  serializedVersion: 2
  m_Modification:
    m_TransformParent: {fileID: 928530644005479292}
    m_Modifications:
    - target: {fileID: 4361776016863702724, guid: 751fd4acbd3841444bc2c4cc604e70fb,
        type: 3}
      propertyPath: m_LocalPosition.x
      value: 0
      objectReference: {fileID: 0}
    - target: {fileID: 4361776016863702724, guid: 751fd4acbd3841444bc2c4cc604e70fb,
        type: 3}
      propertyPath: m_LocalPosition.y
      value: 0
      objectReference: {fileID: 0}
    - target: {fileID: 4361776016863702724, guid: 751fd4acbd3841444bc2c4cc604e70fb,
        type: 3}
      propertyPath: m_LocalPosition.z
      value: 0
      objectReference: {fileID: 0}
    - target: {fileID: 4361776016863702724, guid: 751fd4acbd3841444bc2c4cc604e70fb,
        type: 3}
      propertyPath: m_LocalRotation.x
      value: 0
      objectReference: {fileID: 0}
    - target: {fileID: 4361776016863702724, guid: 751fd4acbd3841444bc2c4cc604e70fb,
        type: 3}
      propertyPath: m_LocalRotation.y
      value: 0
      objectReference: {fileID: 0}
    - target: {fileID: 4361776016863702724, guid: 751fd4acbd3841444bc2c4cc604e70fb,
        type: 3}
      propertyPath: m_LocalRotation.z
      value: 0
      objectReference: {fileID: 0}
    - target: {fileID: 4361776016863702724, guid: 751fd4acbd3841444bc2c4cc604e70fb,
        type: 3}
      propertyPath: m_LocalRotation.w
      value: 1
      objectReference: {fileID: 0}
    - target: {fileID: 4361776016863702724, guid: 751fd4acbd3841444bc2c4cc604e70fb,
        type: 3}
      propertyPath: m_RootOrder
      value: 0
      objectReference: {fileID: 0}
    - target: {fileID: 4361776016863702724, guid: 751fd4acbd3841444bc2c4cc604e70fb,
        type: 3}
      propertyPath: m_LocalEulerAnglesHint.x
      value: 0
      objectReference: {fileID: 0}
    - target: {fileID: 4361776016863702724, guid: 751fd4acbd3841444bc2c4cc604e70fb,
        type: 3}
      propertyPath: m_LocalEulerAnglesHint.y
      value: 0
      objectReference: {fileID: 0}
    - target: {fileID: 4361776016863702724, guid: 751fd4acbd3841444bc2c4cc604e70fb,
        type: 3}
      propertyPath: m_LocalEulerAnglesHint.z
      value: 0
      objectReference: {fileID: 0}
    - target: {fileID: 4361776016863702724, guid: 751fd4acbd3841444bc2c4cc604e70fb,
        type: 3}
      propertyPath: m_LocalScale.x
      value: 1
      objectReference: {fileID: 0}
    - target: {fileID: 4361776016863702724, guid: 751fd4acbd3841444bc2c4cc604e70fb,
        type: 3}
      propertyPath: m_LocalScale.y
      value: 1
      objectReference: {fileID: 0}
    - target: {fileID: 4361776016863702724, guid: 751fd4acbd3841444bc2c4cc604e70fb,
        type: 3}
      propertyPath: m_LocalScale.z
      value: 1
      objectReference: {fileID: 0}
    - target: {fileID: 6560294498724855808, guid: 751fd4acbd3841444bc2c4cc604e70fb,
        type: 3}
      propertyPath: m_Name
      value: NormalRoomTileGroup
      objectReference: {fileID: 0}
    m_RemovedComponents: []
  m_SourcePrefab: {fileID: 100100000, guid: 751fd4acbd3841444bc2c4cc604e70fb, type: 3}
--- !u!4 &7620447710993474864 stripped
Transform:
  m_CorrespondingSourceObject: {fileID: 4361776016863702724, guid: 751fd4acbd3841444bc2c4cc604e70fb,
    type: 3}
  m_PrefabInstance: {fileID: 6145549802002107380}
  m_PrefabAsset: {fileID: 0}
--- !u!1001 &6919841767250927493
PrefabInstance:
  m_ObjectHideFlags: 0
  serializedVersion: 2
  m_Modification:
    m_TransformParent: {fileID: 8705435123340415021}
    m_Modifications:
    - target: {fileID: 4463541500230669868, guid: 4a6c43423ebfdfc4784a69caded670a8,
        type: 3}
      propertyPath: m_LocalPosition.x
      value: 0
      objectReference: {fileID: 0}
    - target: {fileID: 4463541500230669868, guid: 4a6c43423ebfdfc4784a69caded670a8,
        type: 3}
      propertyPath: m_LocalPosition.y
      value: 0
      objectReference: {fileID: 0}
    - target: {fileID: 4463541500230669868, guid: 4a6c43423ebfdfc4784a69caded670a8,
        type: 3}
      propertyPath: m_LocalPosition.z
      value: 8
      objectReference: {fileID: 0}
    - target: {fileID: 4463541500230669868, guid: 4a6c43423ebfdfc4784a69caded670a8,
        type: 3}
      propertyPath: m_LocalRotation.x
      value: 0
      objectReference: {fileID: 0}
    - target: {fileID: 4463541500230669868, guid: 4a6c43423ebfdfc4784a69caded670a8,
        type: 3}
      propertyPath: m_LocalRotation.y
      value: 0.7071068
      objectReference: {fileID: 0}
    - target: {fileID: 4463541500230669868, guid: 4a6c43423ebfdfc4784a69caded670a8,
        type: 3}
      propertyPath: m_LocalRotation.z
      value: 0
      objectReference: {fileID: 0}
    - target: {fileID: 4463541500230669868, guid: 4a6c43423ebfdfc4784a69caded670a8,
        type: 3}
      propertyPath: m_LocalRotation.w
      value: 0.7071068
      objectReference: {fileID: 0}
    - target: {fileID: 4463541500230669868, guid: 4a6c43423ebfdfc4784a69caded670a8,
        type: 3}
      propertyPath: m_RootOrder
      value: 1
      objectReference: {fileID: 0}
    - target: {fileID: 4463541500230669868, guid: 4a6c43423ebfdfc4784a69caded670a8,
        type: 3}
      propertyPath: m_LocalEulerAnglesHint.x
      value: 0
      objectReference: {fileID: 0}
    - target: {fileID: 4463541500230669868, guid: 4a6c43423ebfdfc4784a69caded670a8,
        type: 3}
      propertyPath: m_LocalEulerAnglesHint.y
      value: 90
      objectReference: {fileID: 0}
    - target: {fileID: 4463541500230669868, guid: 4a6c43423ebfdfc4784a69caded670a8,
        type: 3}
      propertyPath: m_LocalEulerAnglesHint.z
      value: 0
      objectReference: {fileID: 0}
    - target: {fileID: 8363985419897998521, guid: 4a6c43423ebfdfc4784a69caded670a8,
        type: 3}
      propertyPath: m_Name
      value: 2x4WallGroup
      objectReference: {fileID: 0}
    m_RemovedComponents: []
  m_SourcePrefab: {fileID: 100100000, guid: 4a6c43423ebfdfc4784a69caded670a8, type: 3}
--- !u!4 &6771610867584829865 stripped
Transform:
  m_CorrespondingSourceObject: {fileID: 4463541500230669868, guid: 4a6c43423ebfdfc4784a69caded670a8,
    type: 3}
  m_PrefabInstance: {fileID: 6919841767250927493}
  m_PrefabAsset: {fileID: 0}
